{"asset_id": "101676997363687199724245607342877036148401850938023978421879460310389391082353", "market": "0xaf9d0e448129a9f657f851d49495ba4742055d80e0ef1166ba0ee81d4d594214", "price": "0.002", "size": "10123.48", "side": "BUY", "best_bid": "0.012", "best_ask": "0.054", "timestamp": "2026-02-14T04:19:52.670706+00:00", "recorded_at": "2026-02-14T04:19:52.671913+00:00"}
{"asset_id": "4153292802911610701832309484716814274802943278345248636922528170020319407796", "market": "0xaf9d0e448129a9f657f851d49495ba4742055d80e0ef1166ba0ee81d4d594214", "price": "0.998", "size": "10123.48", "side": "SELL", "best_bid": "0.946", "best_ask": "0.988", "timestamp": "2026-02-14T04:19:55.077767+00:00", "recorded_at": "2026-02-14T04:19:55.078554+00:00"}
{"asset_id": "101676997363687199724245607342877036148401850938023978421879460310389391082353", "market": "0xaf9d0e448129a9f657f851d49495ba4742055d80e0ef1166ba0ee81d4d594214", "price": "0.003", "size": "1012.12", "side": "BUY", "best_bid": "0.012", "best_ask": "0.054", "timestamp": "2026-02-14T04:19:56.318904+00:00", "recorded_at": "2026-02-14T04:19:56.319563+00:00"}
{"asset_id": "4153292802911610701832309484716814274802943278345248636922528170020319407796", "market": "0xaf9d0e448129a9f657f851d49495ba4742055d80e0ef1166ba0ee81d4d594214", "price": "0.997", "size": "1012.12", "side": "SELL", "best_bid": "0.946", "best_ask": "0.988", "timestamp": "2026-02-14T04:19:56.328551+00:00", "recorded_at": "2026-02-14T04:19:56.329257+00:00"}
{"asset_id": "101676997363687199724245607342877036148401850938023978421879460310389391082353", "market": "0xaf9d0e448129a9f657f851d49495ba4742055d80e0ef1166ba0ee81d4d594214", "price": "0.005", "size": "1000", "side": "BUY", "best_bid": "0.012", "best_ask": "0.054", "timestamp": "2026-02-14T04:19:56.335894+00:00", "recorded_at": "2026-02-14T04:19:56.336493+00:00"}
{"asset_id": "4153292802911610701832309484716814274802943278345248636922528170020319407796", "market": "0xaf9d0e448129a9f657f851d49495ba4742055d80e0ef1166ba0ee81d4d594214", "price": "0.995", "size": "1000", "side": "SELL", "best_bid": "0.946", "best_ask": "0.988", "timestamp": "2026-02-14T04:19:56.342191+00:00", "recorded_at": "2026-02-14T04:19:56.342619+00:00"}
{"asset_id": "101676997363687199724245607342877036148401850938023978421879460310389391082353", "market": "0xaf9d0e448129a9f657f851d49495ba4742055d80e0ef1166ba0ee81d4d594214", "price": "0.005", "size": "1011.92", "side": "BUY", "best_bid": "0.012", "best_ask": "0.054", "timestamp": "2026-02-14T04:19:56.348919+00:00", "recorded_at": "2026-02-14T04:19:56.349280+00:00"}
{"asset_id": "4153292802911610701832309484716814274802943278345248636922528170020319407796", "market": "0xaf9d0e448129a9f657f851d49495ba4742055d80e0ef1166ba0ee81d4d594214", "price": "0.995", "size": "1011.92", "side": "SELL", "best_bid": "0.946", "best_ask": "0.988", "timestamp": "2026-02-14T04:19:56.354647+00:00", "recorded_at": "2026-02-14T04:19:56.354998+00:00"}
{"asset_id": "101676997363687199724245607342877036148401850938023978421879460310389391082353", "market": "0xaf9d0e448129a9f657f851d49495ba4742055d80e0ef1166ba0ee81d4d594214", "price": "0.003", "size": "1032.19", "side": "BUY", "best_bid": "0.012", "best_ask": "0.054", "timestamp": "2026-02-14T04:19:56.359489+00:00", "recorded_at": "2026-02-14T04:19:56.359903+00:00"}
{"asset_id": "4153292802911610701832309484716814274802943278345248636922528170020319407796", "market": "0xaf9d0e448129a9f657f851d49495ba4742055d80e0ef1166ba0ee81d4d594214", "price": "0.997", "size": "1032.19", "side": "SELL", "best_bid": "0.946", "best_ask": "0.988", "timestamp": "2026-02-14T04:19:56.364389+00:00", "recorded_at": "2026-02-14T04:19:56.364647+00:00"}
{"asset_id": "101676997363687199724245607342877036148401850938023978421879460310389391082353", "market": "0xaf9d0e448129a9f657f851d49495ba4742055d80e0ef1166ba0ee81d4d594214", "price": "0.002", "size": "10136.83", "side": "BUY", "best_bid": "0.012", "best_ask": "0.054", "timestamp": "2026-02-14T04:19:56.368928+00:00", "recorded_at": "2026-02-14T04:19:56.369201+00:00"}
{"asset_id": "4153292802911610701832309484716814274802943278345248636922528170020319407796", "market": "0xaf9d0e448129a9f657f851d49495ba4742055d80e0ef1166ba0ee81d4d594214", "price": "0.998", "size": "10136.83", "side": "SELL", "best_bid": "0.946", "best_ask": "0.988", "timestamp": "2026-02-14T04:19:56.374049+00:00", "recorded_at": "2026-02-14T04:19:56.374286+00:00"}
{"asset_id": "13244681086321087932946246027856416106585284024824496763706748621681543444582", "market": "0x49686d26fb712515cd5e12c23f0a1c7e10214c7faa3cb0a730aabe0c33694082", "price": "0.855", "size": "0", "side": "BUY", "best_bid": "0.865", "best_ask": "0.88", "timestamp": "2026-02-14T04:19:57.048753+00:00", "recorded_at": "2026-02-14T04:19:57.049411+00:00"}
{"asset_id": "30442780799048074404860985387051749017905070253466005720364298335239299761065", "market": "0x49686d26fb712515cd5e12c23f0a1c7e10214c7faa3cb0a730aabe0c33694082", "price": "0.145", "size": "0", "side": "SELL", "best_bid": "0.12", "best_ask": "0.135", "timestamp": "2026-02-14T04:19:57.059224+00:00", "recorded_at": "2026-02-14T04:19:57.059941+00:00"}
{"asset_id": "13244681086321087932946246027856416106585284024824496763706748621681543444582", "market": "0x49686d26fb712515cd5e12c23f0a1c7e10214c7faa3cb0a730aabe0c33694082", "price": "0.858", "size": "0", "side": "BUY", "best_bid": "0.865", "best_ask": "0.88", "timestamp": "2026-02-14T04:19:57.068257+00:00", "recorded_at": "2026-02-14T04:19:57.068912+00:00"}
{"asset_id": "30442780799048074404860985387051749017905070253466005720364298335239299761065", "market": "0x49686d26fb712515cd5e12c23f0a1c7e10214c7faa3cb0a730aabe0c33694082", "price": "0.142", "size": "0", "side": "SELL", "best_bid": "0.12", "best_ask": "0.135", "timestamp": "2026-02-14T04:19:57.076862+00:00", "recorded_at": "2026-02-14T04:19:57.077528+00:00"}
{"asset_id": "30442780799048074404860985387051749017905070253466005720364298335239299761065", "market": "0x49686d26fb712515cd5e12c23f0a1c7e10214c7faa3cb0a730aabe0c33694082", "price": "0.115", "size": "5", "side": "BUY", "best_bid": "0.12", "best_ask": "0.135", "timestamp": "2026-02-14T04:19:57.084445+00:00", "recorded_at": "2026-02-14T04:19:57.085790+00:00"}
{"asset_id": "13244681086321087932946246027856416106585284024824496763706748621681543444582", "market": "0x49686d26fb712515cd5e12c23f0a1c7e10214c7faa3cb0a730aabe0c33694082", "price": "0.885", "size": "5", "side": "SELL", "best_bid": "0.865", "best_ask": "0.88", "timestamp": "2026-02-14T04:19:57.094390+00:00", "recorded_at": "2026-02-14T04:19:57.095247+00:00"}
{"asset_id": "13244681086321087932946246027856416106585284024824496763706748621681543444582", "market": "0x49686d26fb712515cd5e12c23f0a1c7e10214c7faa3cb0a730aabe0c33694082", "price": "0.862", "size": "0", "side": "BUY", "best_bid": "0.865", "best_ask": "0.88", "timestamp": "2026-02-14T04:19:57.101374+00:00", "recorded_at": "2026-02-14T04:19:57.101738+00:00"}
{"asset_id": "30442780799048074404860985387051749017905070253466005720364298335239299761065", "market": "0x49686d26fb712515cd5e12c23f0a1c7e10214c7faa3cb0a730aabe0c33694082", "price": "0.138", "size": "0", "side": "SELL", "best_bid": "0.12", "best_ask": "0.135", "timestamp": "2026-02-14T04:19:57.107007+00:00", "recorded_at": "2026-02-14T04:19:57.107353+00:00"}
{"asset_id": "30442780799048074404860985387051749017905070253466005720364298335239299761065", "market": "0x49686d26fb712515cd5e12c23f0a1c7e10214c7faa3cb0a730aabe0c33694082", "price": "0.109", "size": "10", "side": "BUY", "best_bid": "0.12", "best_ask": "0.135", "timestamp": "2026-02-14T04:19:58.054732+00:00", "recorded_at": "2026-02-14T04:19:58.055673+00:00"}
{"asset_id": "13244681086321087932946246027856416106585284024824496763706748621681543444582", "market": "0x49686d26fb712515cd5e12c23f0a1c7e10214c7faa3cb0a730aabe0c33694082", "price": "0.891", "size": "10", "side": "SELL", "best_bid": "0.865", "best_ask": "0.88", "timestamp": "2026-02-14T04:19:58.067641+00:00", "recorded_at": "2026-02-14T04:19:58.068594+00:00"}
{"asset_id": "30442780799048074404860985387051749017905070253466005720364298335239299761065", "market": "0x49686d26fb712515cd5e12c23f0a1c7e10214c7faa3cb0a730aabe0c33694082", "price": "0.111", "size": "5", "side": "BUY", "best_bid": "0.12", "best_ask": "0.135", "timestamp": "2026-02-14T04:19:58.077062+00:00", "recorded_at": "2026-02-14T04:19:58.077827+00:00"}
{"asset_id": "13244681086321087932946246027856416106585284024824496763706748621681543444582", "market": "0x49686d26fb712515cd5e12c23f0a1c7e10214c7faa3cb0a730aabe0c33694082", "price": "0.889", "size": "5", "side": "SELL", "best_bid": "0.865", "best_ask": "0.88", "timestamp": "2026-02-14T04:19:58.084812+00:00", "recorded_at": "2026-02-14T04:19:58.085447+00:00"}
{"asset_id": "13244681086321087932946246027856416106585284024824496763706748621681543444582", "market": "0x49686d26fb712515cd5e12c23f0a1c7e10214c7faa3cb0a730aabe0c33694082", "price": "0.131", "size": "0", "side": "BUY", "best_bid": "0.865", "best_ask": "0.88", "timestamp": "2026-02-14T04:20:02.096201+00:00", "recorded_at": "2026-02-14T04:20:02.097753+00:00"}
{"asset_id": "30442780799048074404860985387051749017905070253466005720364298335239299761065", "market": "0x49686d26fb712515cd5e12c23f0a1c7e10214c7faa3cb0a730aabe0c33694082", "price": "0.869", "size": "0", "side": "SELL", "best_bid": "0.12", "best_ask": "0.135", "timestamp": "2026-02-14T04:20:02.111717+00:00", "recorded_at": "2026-02-14T04:20:02.112388+00:00"}
{"asset_id": "13244681086321087932946246027856416106585284024824496763706748621681543444582", "market": "0x49686d26fb712515cd5e12c23f0a1c7e10214c7faa3cb0a730aabe0c33694082", "price": "0.091", "size": "0", "side": "BUY", "best_bid": "0.865", "best_ask": "0.88", "timestamp": "2026-02-14T04:20:02.122782+00:00", "recorded_at": "2026-02-14T04:20:02.123329+00:00"}
{"asset_id": "30442780799048074404860985387051749017905070253466005720364298335239299761065", "market": "0x49686d26fb712515cd5e12c23f0a1c7e10214c7faa3cb0a730aabe0c33694082", "price": "0.909", "size": "0", "side": "SELL", "best_bid": "0.12", "best_ask": "0.135", "timestamp": "2026-02-14T04:20:02.131247+00:00", "recorded_at": "2026-02-14T04:20:02.131767+00:00"}
{"asset_id": "13244681086321087932946246027856416106585284024824496763706748621681543444582", "market": "0x49686d26fb712515cd5e12c23f0a1c7e10214c7faa3cb0a730aabe0c33694082", "price": "0.181", "size": "0", "side": "BUY", "best_bid": "0.865", "best_ask": "0.88", "timestamp": "2026-02-14T04:20:02.717705+00:00", "recorded_at": "2026-02-14T04:20:02.718610+00:00"}
{"asset_id": "30442780799048074404860985387051749017905070253466005720364298335239299761065", "market": "0x49686d26fb712515cd5e12c23f0a1c7e10214c7faa3cb0a730aabe0c33694082", "price": "0.819", "size": "0", "side": "SELL", "best_bid": "0.12", "best_ask": "0.135", "timestamp": "2026-02-14T04:20:02.728840+00:00", "recorded_at": "2026-02-14T04:20:02.729656+00:00"}
{"asset_id": "13244681086321087932946246027856416106585284024824496763706748621681543444582", "market": "0x49686d26fb712515cd5e12c23f0a1c7e10214c7faa3cb0a730aabe0c33694082", "price": "0.131", "size": "762", "side": "BUY", "best_bid": "0.865", "best_ask": "0.88", "timestamp": "2026-02-14T04:20:18.970490+00:00", "recorded_at": "2026-02-14T04:20:18.971337+00:00"}
{"asset_id": "30442780799048074404860985387051749017905070253466005720364298335239299761065", "market": "0x49686d26fb712515cd5e12c23f0a1c7e10214c7faa3cb0a730aabe0c33694082", "price": "0.869", "size": "762", "side": "SELL", "best_bid": "0.12", "best_ask": "0.135", "timestamp": "2026-02-14T04:20:18.985314+00:00", "recorded_at": "2026-02-14T04:20:18.986248+00:00"}
{"asset_id": "4153292802911610701832309484716814274802943278345248636922528170020319407796", "market": "0xaf9d0e448129a9f657f851d49495ba4742055d80e0ef1166ba0ee81d4d594214", "price": "0.878", "size": "0", "side": "BUY", "best_bid": "0.946", "best_ask": "0.988", "timestamp": "2026-02-14T04:20:55.441283+00:00", "recorded_at": "2026-02-14T04:20:55.444047+00:00"}
{"asset_id": "101676997363687199724245607342877036148401850938023978421879460310389391082353", "market": "0xaf9d0e448129a9f657f851d49495ba4742055d80e0ef1166ba0ee81d4d594214", "price": "0.122", "size": "0", "side": "SELL", "best_bid": "0.012", "best_ask": "0.054", "timestamp": "2026-02-14T04:20:55.456280+00:00", "recorded_at": "2026-02-14T04:20:55.456862+00:00"}
{"asset_id": "4153292802911610701832309484716814274802943278345248636922528170020319407796", "market": "0xaf9d0e448129a9f657f851d49495ba4742055d80e0ef1166ba0ee81d4d594214", "price": "0.889", "size": "0", "side": "BUY", "best_bid": "0.946", "best_ask": "0.988", "timestamp": "2026-02-14T04:20:55.462387+00:00", "recorded_at": "2026-02-14T04:20:55.462752+00:00"}
{"asset_id": "101676997363687199724245607342877036148401850938023978421879460310389391082353", "market": "0xaf9d0e448129a9f657f851d49495ba4742055d80e0ef1166ba0ee81d4d594214", "price": "0.111", "size": "0", "side": "SELL", "best_bid": "0.012", "best_ask": "0.054", "timestamp": "2026-02-14T04:20:55.467845+00:00", "recorded_at": "2026-02-14T04:20:55.468282+00:00"}
{"asset_id": "32769749367306925959219403371425714180265458150646381231272229429098460625924", "market": "0x2393ed0b0fdc450054c7b9071907eca75cf4fc36e385adf4a0a5f99ee62243e8", "price": "0.881", "size": "0", "side": "BUY", "best_bid": "0.967", "best_ask": "0.97", "timestamp": "2026-02-14T04:20:55.472575+00:00", "recorded_at": "2026-02-14T04:20:55.472916+00:00"}
{"asset_id": "100074770378634056601572485653252702850363676459996771990439989989293515601975", "market": "0x2393ed0b0fdc450054c7b9071907eca75cf4fc36e385adf4a0a5f99ee62243e8", "price": "0.119", "size": "0", "side": "SELL", "best_bid": "0.03", "best_ask": "0.033", "timestamp": "2026-02-14T04:20:55.477218+00:00", "recorded_at": "2026-02-14T04:20:55.477721+00:00"}
{"asset_id": "32769749367306925959219403371425714180265458150646381231272229429098460625924", "market": "0x2393ed0b0fdc450054c7b9071907eca75cf4fc36e385adf4a0a5f99ee62243e8", "price": "0.85", "size": "0", "side": "BUY", "best_bid": "0.967", "best_ask": "0.97", "timestamp": "2026-02-14T04:20:55.482776+00:00", "recorded_at": "2026-02-14T04:20:55.483007+00:00"}
{"asset_id": "100074770378634056601572485653252702850363676459996771990439989989293515601975", "market": "0x2393ed0b0fdc450054c7b9071907eca75cf4fc36e385adf4a0a5f99ee62243e8", "price": "0.15", "size": "0", "side": "SELL", "best_bid": "0.03", "best_ask": "0.033", "timestamp": "2026-02-14T04:20:55.485945+00:00", "recorded_at": "2026-02-14T04:20:55.486041+00:00"}
{"asset_id": "4153292802911610701832309484716814274802943278345248636922528170020319407796", "market": "0xaf9d0e448129a9f657f851d49495ba4742055d80e0ef1166ba0ee81d4d594214", "price": "0.853", "size": "0", "side": "BUY", "best_bid": "0.946", "best_ask": "0.988", "timestamp": "2026-02-14T04:20:55.488234+00:00", "recorded_at": "2026-02-14T04:20:55.488352+00:00"}
{"asset_id": "101676997363687199724245607342877036148401850938023978421879460310389391082353", "market": "0xaf9d0e448129a9f657f851d49495ba4742055d80e0ef1166ba0ee81d4d594214", "price": "0.147", "size": "0", "side": "SELL", "best_bid": "0.012", "best_ask": "0.054", "timestamp": "2026-02-14T04:20:55.490874+00:00", "recorded_at": "2026-02-14T04:20:55.490997+00:00"}
{"asset_id": "4153292802911610701832309484716814274802943278345248636922528170020319407796", "market": "0xaf9d0e448129a9f657f851d49495ba4742055d80e0ef1166ba0ee81d4d594214", "price": "0.899", "size": "0", "side": "BUY", "best_bid": "0.946", "best_ask": "0.988", "timestamp": "2026-02-14T04:20:55.493579+00:00", "recorded_at": "2026-02-14T04:20:55.493683+00:00"}
{"asset_id": "101676997363687199724245607342877036148401850938023978421879460310389391082353", "market": "0xaf9d0e448129a9f657f851d49495ba4742055d80e0ef1166ba0ee81d4d594214", "price": "0.101", "size": "0", "side": "SELL", "best_bid": "0.012", "best_ask": "0.054", "timestamp": "2026-02-14T04:20:55.496735+00:00", "recorded_at": "2026-02-14T04:20:55.496860+00:00"}
{"asset_id": "32769749367306925959219403371425714180265458150646381231272229429098460625924", "market": "0x2393ed0b0fdc450054c7b9071907eca75cf4fc36e385adf4a0a5f99ee62243e8", "price": "0.86", "size": "0", "side": "BUY", "best_bid": "0.967", "best_ask": "0.97", "timestamp": "2026-02-14T04:20:55.499445+00:00", "recorded_at": "2026-02-14T04:20:55.499582+00:00"}
{"asset_id": "100074770378634056601572485653252702850363676459996771990439989989293515601975", "market": "0x2393ed0b0fdc450054c7b9071907eca75cf4fc36e385adf4a0a5f99ee62243e8", "price": "0.14", "size": "0", "side": "SELL", "best_bid": "0.03", "best_ask": "0.033", "timestamp": "2026-02-14T04:20:55.502315+00:00", "recorded_at": "2026-02-14T04:20:55.502445+00:00"}
{"asset_id": "4153292802911610701832309484716814274802943278345248636922528170020319407796", "market": "0xaf9d0e448129a9f657f851d49495ba4742055d80e0ef1166ba0ee81d4d594214", "price": "0.865", "size": "2093.37", "side": "BUY", "best_bid": "0.946", "best_ask": "0.988", "timestamp": "2026-02-14T04:20:55.505058+00:00", "recorded_at": "2026-02-14T04:20:55.505182+00:00"}
{"asset_id": "101676997363687199724245607342877036148401850938023978421879460310389391082353", "market": "0xaf9d0e448129a9f657f851d49495ba4742055d80e0ef1166ba0ee81d4d594214", "price": "0.135", "size": "2093.37", "side": "SELL", "best_bid": "0.012", "best_ask": "0.054", "timestamp": "2026-02-14T04:20:55.507652+00:00", "recorded_at": "2026-02-14T04:20:55.507747+00:00"}
{"asset_id": "32769749367306925959219403371425714180265458150646381231272229429098460625924", "market": "0x2393ed0b0fdc450054c7b9071907eca75cf4fc36e385adf4a0a5f99ee62243e8", "price": "0.84", "size": "0", "side": "BUY", "best_bid": "0.967", "best_ask": "0.97", "timestamp": "2026-02-14T04:20:55.512001+00:00", "recorded_at": "2026-02-14T04:20:55.512112+00:00"}
{"asset_id": "100074770378634056601572485653252702850363676459996771990439989989293515601975", "market": "0x2393ed0b0fdc450054c7b9071907eca75cf4fc36e385adf4a0a5f99ee62243e8", "price": "0.16", "size": "0", "side": "SELL", "best_bid": "0.03", "best_ask": "0.033", "timestamp": "2026-02-14T04:20:55.514654+00:00", "recorded_at": "2026-02-14T04:20:55.514767+00:00"}
{"asset_id": "32769749367306925959219403371425714180265458150646381231272229429098460625924", "market": "0x2393ed0b0fdc450054c7b9071907eca75cf4fc36e385adf4a0a5f99ee62243e8", "price": "0.87", "size": "0", "side": "BUY", "best_bid": "0.967", "best_ask": "0.97", "timestamp": "2026-02-14T04:20:55.517359+00:00", "recorded_at": "2026-02-14T04:20:55.517457+00:00"}
{"asset_id": "100074770378634056601572485653252702850363676459996771990439989989293515601975", "market": "0x2393ed0b0fdc450054c7b9071907eca75cf4fc36e385adf4a0a5f99ee62243e8", "price": "0.13", "size": "0", "side": "SELL", "best_bid": "0.03", "best_ask": "0.033", "timestamp": "2026-02-14T04:20:55.520048+00:00", "recorded_at": "2026-02-14T04:20:55.520179+00:00"}
{"asset_id": "4153292802911610701832309484716814274802943278345248636922528170020319407796", "market": "0xaf9d0e448129a9f657f851d49495ba4742055d80e0ef1166ba0ee81d4d594214", "price": "0.899", "size": "10", "side": "BUY", "best_bid": "0.946", "best_ask": "0.988", "timestamp": "2026-02-14T04:21:12.253897+00:00", "recorded_at": "2026-02-14T04:21:12.255257+00:00"}
{"asset_id": "101676997363687199724245607342877036148401850938023978421879460310389391082353", "market": "0xaf9d0e448129a9f657f851d49495ba4742055d80e0ef1166ba0ee81d4d594214", "price": "0.101", "size": "10", "side": "SELL", "best_bid": "0.012", "best_ask": "0.054", "timestamp": "2026-02-14T04:21:12.267332+00:00", "recorded_at": "2026-02-14T04:21:12.268205+00:00"}
{"asset_id": "32769749367306925959219403371425714180265458150646381231272229429098460625924", "market": "0x2393ed0b0fdc450054c7b9071907eca75cf4fc36e385adf4a0a5f99ee62243e8", "price": "0.871", "size": "10", "side": "BUY", "best_bid": "0.967", "best_ask": "0.97", "timestamp": "2026-02-14T04:21:12.276761+00:00", "recorded_at": "2026-02-14T04:21:12.277360+00:00"}
{"asset_id": "100074770378634056601572485653252702850363676459996771990439989989293515601975", "market": "0x2393ed0b0fdc450054c7b9071907eca75cf4fc36e385adf4a0a5f99ee62243e8", "price": "0.129", "size": "10", "side": "SELL", "best_bid": "0.03", "best_ask": "0.033", "timestamp": "2026-02-14T04:21:12.284696+00:00", "recorded_at": "2026-02-14T04:21:12.285343+00:00"}
{"asset_id": "4153292802911610701832309484716814274802943278345248636922528170020319407796", "market": "0xaf9d0e448129a9f657f851d49495ba4742055d80e0ef1166ba0ee81d4d594214", "price": "0.865", "size": "2103.37", "side": "BUY", "best_bid": "0.946", "best_ask": "0.988", "timestamp": "2026-02-14T04:21:12.292744+00:00", "recorded_at": "2026-02-14T04:21:12.293542+00:00"}
{"asset_id": "101676997363687199724245607342877036148401850938023978421879460310389391082353", "market": "0xaf9d0e448129a9f657f851d49495ba4742055d80e0ef1166ba0ee81d4d594214", "price": "0.135", "size": "2103.37", "side": "SELL", "best_bid": "0.012", "best_ask": "0.054", "timestamp": "2026-02-14T04:21:12.299920+00:00", "recorded_at": "2026-02-14T04:21:12.300351+00:00"}
{"asset_id": "32769749367306925959219403371425714180265458150646381231272229429098460625924", "market": "0x2393ed0b0fdc450054c7b9071907eca75cf4fc36e385adf4a0a5f99ee62243e8", "price": "0.86", "size": "10", "side": "BUY", "best_bid": "0.967", "best_ask": "0.97", "timestamp": "2026-02-14T04:21:12.304821+00:00", "recorded_at": "2026-02-14T04:21:12.305045+00:00"}
{"asset_id": "100074770378634056601572485653252702850363676459996771990439989989293515601975", "market": "0x2393ed0b0fdc450054c7b9071907eca75cf4fc36e385adf4a0a5f99ee62243e8", "price": "0.14", "size": "10", "side": "SELL", "best_bid": "0.03", "best_ask": "0.033", "timestamp": "2026-02-14T04:21:12.309206+00:00", "recorded_at": "2026-02-14T04:21:12.309434+00:00"}
{"asset_id": "4153292802911610701832309484716814274802943278345248636922528170020319407796", "market": "0xaf9d0e448129a9f657f851d49495ba4742055d80e0ef1166ba0ee81d4d594214", "price": "0.878", "size": "10", "side": "BUY", "best_bid": "0.946", "best_ask": "0.988", "timestamp": "2026-02-14T04:21:12.313058+00:00", "recorded_at": "2026-02-14T04:21:12.313247+00:00"}
{"asset_id": "101676997363687199724245607342877036148401850938023978421879460310389391082353", "market": "0xaf9d0e448129a9f657f851d49495ba4742055d80e0ef1166ba0ee81d4d594214", "price": "0.122", "size": "10", "side": "SELL", "best_bid": "0.012", "best_ask": "0.054", "timestamp": "2026-02-14T04:21:12.316320+00:00", "recorded_at": "2026-02-14T04:21:12.316484+00:00"}
{"asset_id": "4153292802911610701832309484716814274802943278345248636922528170020319407796", "market": "0xaf9d0e448129a9f657f851d49495ba4742055d80e0ef1166ba0ee81d4d594214", "price": "0.853", "size": "10", "side": "BUY", "best_bid": "0.946", "best_ask": "0.988", "timestamp": "2026-02-14T04:21:12.319835+00:00", "recorded_at": "2026-02-14T04:21:12.320003+00:00"}
{"asset_id": "101676997363687199724245607342877036148401850938023978421879460310389391082353", "market": "0xaf9d0e448129a9f657f851d49495ba4742055d80e0ef1166ba0ee81d4d594214", "price": "0.147", "size": "10", "side": "SELL", "best_bid": "0.012", "best_ask": "0.054", "timestamp": "2026-02-14T04:21:12.323036+00:00", "recorded_at": "2026-02-14T04:21:12.323192+00:00"}
{"asset_id": "32769749367306925959219403371425714180265458150646381231272229429098460625924", "market": "0x2393ed0b0fdc450054c7b9071907eca75cf4fc36e385adf4a0a5f99ee62243e8", "price": "0.84", "size": "10", "side": "BUY", "best_bid": "0.967", "best_ask": "0.97", "timestamp": "2026-02-14T04:21:12.325990+00:00", "recorded_at": "2026-02-14T04:21:12.326152+00:00"}
{"asset_id": "100074770378634056601572485653252702850363676459996771990439989989293515601975", "market": "0x2393ed0b0fdc450054c7b9071907eca75cf4fc36e385adf4a0a5f99ee62243e8", "price": "0.16", "size": "10", "side": "SELL", "best_bid": "0.03", "best_ask": "0.033", "timestamp": "2026-02-14T04:21:12.329194+00:00", "recorded_at": "2026-02-14T04:21:12.329346+00:00"}
{"asset_id": "4153292802911610701832309484716814274802943278345248636922528170020319407796", "market": "0xaf9d0e448129a9f657f851d49495ba4742055d80e0ef1166ba0ee81d4d594214", "price": "0.889", "size": "10", "side": "BUY", "best_bid": "0.946", "best_ask": "0.988", "timestamp": "2026-02-14T04:21:12.332025+00:00", "recorded_at": "2026-02-14T04:21:12.332118+00:00"}
{"asset_id": "101676997363687199724245607342877036148401850938023978421879460310389391082353", "market": "0xaf9d0e448129a9f657f851d49495ba4742055d80e0ef1166ba0ee81d4d594214", "price": "0.111", "size": "10", "side": "SELL", "best_bid": "0.012", "best_ask": "0.054", "timestamp": "2026-02-14T04:21:12.334806+00:00", "recorded_at": "2026-02-14T04:21:12.334960+00:00"}
{"asset_id": "32769749367306925959219403371425714180265458150646381231272229429098460625924", "market": "0x2393ed0b0fdc450054c7b9071907eca75cf4fc36e385adf4a0a5f99ee62243e8", "price": "0.85", "size": "10", "side": "BUY", "best_bid": "0.967", "best_ask": "0.97", "timestamp": "2026-02-14T04:21:12.337568+00:00", "recorded_at": "2026-02-14T04:21:12.337677+00:00"}
{"asset_id": "100074770378634056601572485653252702850363676459996771990439989989293515601975", "market": "0x2393ed0b0fdc450054c7b9071907eca75cf4fc36e385adf4a0a5f99ee62243e8", "price": "0.15", "size": "10", "side": "SELL", "best_bid": "0.03", "best_ask": "0.033", "timestamp": "2026-02-14T04:21:12.340111+00:00", "recorded_at": "2026-02-14T04:21:12.340220+00:00"}
{"asset_id": "32769749367306925959219403371425714180265458150646381231272229429098460625924", "market": "0x2393ed0b0fdc450054c7b9071907eca75cf4fc36e385adf4a0a5f99ee62243e8", "price": "0.882", "size": "175.31", "side": "BUY", "best_bid": "0.967", "best_ask": "0.97", "timestamp": "2026-02-14T04:21:12.342709+00:00", "recorded_at": "2026-02-14T04:21:12.342802+00:00"}
{"asset_id": "100074770378634056601572485653252702850363676459996771990439989989293515601975", "market": "0x2393ed0b0fdc450054c7b9071907eca75cf4fc36e385adf4a0a5f99ee62243e8", "price": "0.118", "size": "175.31", "side": "SELL", "best_bid": "0.03", "best_ask": "0.033", "timestamp": "2026-02-14T04:21:12.345088+00:00", "recorded_at": "2026-02-14T04:21:12.345189+00:00"}
{"asset_id": "32769749367306925959219403371425714180265458150646381231272229429098460625924", "market": "0x2393ed0b0fdc450054c7b9071907eca75cf4fc36e385adf4a0a5f99ee62243e8", "price": "0.863", "size": "0", "side": "BUY", "best_bid": "0.967", "best_ask": "0.97", "timestamp": "2026-02-14T04:21:18.113615+00:00", "recorded_at": "2026-02-14T04:21:18.114773+00:00"}
{"asset_id": "100074770378634056601572485653252702850363676459996771990439989989293515601975", "market": "0x2393ed0b0fdc450054c7b9071907eca75cf4fc36e385adf4a0a5f99ee62243e8", "price": "0.137", "size": "0", "side": "SELL", "best_bid": "0.03", "best_ask": "0.033", "timestamp": "2026-02-14T04:21:18.122997+00:00", "recorded_at": "2026-02-14T04:21:18.123634+00:00"}
{"asset_id": "13244681086321087932946246027856416106585284024824496763706748621681543444582", "market": "0x49686d26fb712515cd5e12c23f0a1c7e10214c7faa3cb0a730aabe0c33694082", "price": "0.321", "size": "300", "side": "BUY", "best_bid": "0.865", "best_ask": "0.88", "timestamp": "2026-02-14T04:21:18.309970+00:00", "recorded_at": "2026-02-14T04:21:18.310764+00:00"}
{"asset_id": "30442780799048074404860985387051749017905070253466005720364298335239299761065", "market": "0x49686d26fb712515cd5e12c23f0a1c7e10214c7faa3cb0a730aabe0c33694082", "price": "0.679", "size": "300", "side": "SELL", "best_bid": "0.12", "best_ask": "0.135", "timestamp": "2026-02-14T04:21:18.319712+00:00", "recorded_at": "2026-02-14T04:21:18.320433+00:00"}
{"asset_id": "13244681086321087932946246027856416106585284024824496763706748621681543444582", "market": "0x49686d26fb712515cd5e12c23f0a1c7e10214c7faa3cb0a730aabe0c33694082", "price": "0.271", "size": "542", "side": "BUY", "best_bid": "0.865", "best_ask": "0.88", "timestamp": "2026-02-14T04:21:18.790596+00:00", "recorded_at": "2026-02-14T04:21:18.791471+00:00"}
{"asset_id": "30442780799048074404860985387051749017905070253466005720364298335239299761065", "market": "0x49686d26fb712515cd5e12c23f0a1c7e10214c7faa3cb0a730aabe0c33694082", "price": "0.729", "size": "542", "side": "SELL", "best_bid": "0.12", "best_ask": "0.135", "timestamp": "2026-02-14T04:21:18.802487+00:00", "recorded_at": "2026-02-14T04:21:18.803232+00:00"}
{"asset_id": "32769749367306925959219403371425714180265458150646381231272229429098460625924", "market": "0x2393ed0b0fdc450054c7b9071907eca75cf4fc36e385adf4a0a5f99ee62243e8", "price": "0.884", "size": "24", "side": "BUY", "best_bid": "0.967", "best_ask": "0.97", "timestamp": "2026-02-14T04:21:18.814581+00:00", "recorded_at": "2026-02-14T04:21:18.815443+00:00"}
{"asset_id": "100074770378634056601572485653252702850363676459996771990439989989293515601975", "market": "0x2393ed0b0fdc450054c7b9071907eca75cf4fc36e385adf4a0a5f99ee62243e8", "price": "0.116", "size": "24", "side": "SELL", "best_bid": "0.03", "best_ask": "0.033", "timestamp": "2026-02-14T04:21:18.823621+00:00", "recorded_at": "2026-02-14T04:21:18.824145+00:00"}
{"asset_id": "4153292802911610701832309484716814274802943278345248636922528170020319407796", "market": "0xaf9d0e448129a9f657f851d49495ba4742055d80e0ef1166ba0ee81d4d594214", "price": "0.211", "size": "0", "side": "BUY", "best_bid": "0.946", "best_ask": "0.988", "timestamp": "2026-02-14T04:21:28.724570+00:00", "recorded_at": "2026-02-14T04:21:28.725790+00:00"}
{"asset_id": "101676997363687199724245607342877036148401850938023978421879460310389391082353", "market": "0xaf9d0e448129a9f657f851d49495ba4742055d80e0ef1166ba0ee81d4d594214", "price": "0.789", "size": "0", "side": "SELL", "best_bid": "0.012", "best_ask": "0.054", "timestamp": "2026-02-14T04:21:28.735530+00:00", "recorded_at": "2026-02-14T04:21:28.735851+00:00"}
{"asset_id": "32769749367306925959219403371425714180265458150646381231272229429098460625924", "market": "0x2393ed0b0fdc450054c7b9071907eca75cf4fc36e385adf4a0a5f99ee62243e8", "price": "0.012", "size": "0", "side": "BUY", "best_bid": "0.967", "best_ask": "0.97", "timestamp": "2026-02-14T04:21:28.740278+00:00", "recorded_at": "2026-02-14T04:21:28.740620+00:00"}
{"asset_id": "100074770378634056601572485653252702850363676459996771990439989989293515601975", "market": "0x2393ed0b0fdc450054c7b9071907eca75cf4fc36e385adf4a0a5f99ee62243e8", "price": "0.988", "size": "0", "side": "SELL", "best_bid": "0.03", "best_ask": "0.033", "timestamp": "2026-02-14T04:21:28.745461+00:00", "recorded_at": "2026-02-14T04:21:28.745828+00:00"}
{"asset_id": "32769749367306925959219403371425714180265458150646381231272229429098460625924", "market": "0x2393ed0b0fdc450054c7b9071907eca75cf4fc36e385adf4a0a5f99ee62243e8", "price": "0.061", "size": "0", "side": "BUY", "best_bid": "0.967", "best_ask": "0.97", "timestamp": "2026-02-14T04:21:28.750673+00:00", "recorded_at": "2026-02-14T04:21:28.751228+00:00"}
{"asset_id": "100074770378634056601572485653252702850363676459996771990439989989293515601975", "market": "0x2393ed0b0fdc450054c7b9071907eca75cf4fc36e385adf4a0a5f99ee62243e8", "price": "0.939", "size": "0", "side": "SELL", "best_bid": "0.03", "best_ask": "0.033", "timestamp": "2026-02-14T04:21:28.757397+00:00", "recorded_at": "2026-02-14T04:21:28.757954+00:00"}
{"asset_id": "32769749367306925959219403371425714180265458150646381231272229429098460625924", "market": "0x2393ed0b0fdc450054c7b9071907eca75cf4fc36e385adf4a0a5f99ee62243e8", "price": "0.071", "size": "7.71", "side": "BUY", "best_bid": "0.967", "best_ask": "0.97", "timestamp": "2026-02-14T04:21:29.204859+00:00", "recorded_at": "2026-02-14T04:21:29.205878+00:00"}
{"asset_id": "100074770378634056601572485653252702850363676459996771990439989989293515601975", "market": "0x2393ed0b0fdc450054c7b9071907eca75cf4fc36e385adf4a0a5f99ee62243e8", "price": "0.929", "size": "7.71", "side": "SELL", "best_bid": "0.03", "best_ask": "0.033", "timestamp": "2026-02-14T04:21:29.214764+00:00", "recorded_at": "2026-02-14T04:21:29.215488+00:00"}
{"asset_id": "4153292802911610701832309484716814274802943278345248636922528170020319407796", "market": "0xaf9d0e448129a9f657f851d49495ba4742055d80e0ef1166ba0ee81d4d594214", "price": "0.211", "size": "7.18", "side": "BUY", "best_bid": "0.946", "best_ask": "0.988", "timestamp": "2026-02-14T04:21:29.223913+00:00", "recorded_at": "2026-02-14T04:21:29.224686+00:00"}
{"asset_id": "101676997363687199724245607342877036148401850938023978421879460310389391082353", "market": "0xaf9d0e448129a9f657f851d49495ba4742055d80e0ef1166ba0ee81d4d594214", "price": "0.789", "size": "7.18", "side": "SELL", "best_bid": "0.012", "best_ask": "0.054", "timestamp": "2026-02-14T04:21:29.234703+00:00", "recorded_at": "2026-02-14T04:21:29.235344+00:00"}
{"asset_id": "32769749367306925959219403371425714180265458150646381231272229429098460625924", "market": "0x2393ed0b0fdc450054c7b9071907eca75cf4fc36e385adf4a0a5f99ee62243e8", "price": "0.012", "size": "8.02", "side": "BUY", "best_bid": "0.967", "best_ask": "0.97", "timestamp": "2026-02-14T04:21:29.246400+00:00", "recorded_at": "2026-02-14T04:21:29.246777+00:00"}
{"asset_id": "100074770378634056601572485653252702850363676459996771990439989989293515601975", "market": "0x2393ed0b0fdc450054c7b9071907eca75cf4fc36e385adf4a0a5f99ee62243e8", "price": "0.988", "size": "8.02", "side": "SELL", "best_bid": "0.03", "best_ask": "0.033", "timestamp": "2026-02-14T04:21:29.251629+00:00", "recorded_at": "2026-02-14T04:21:29.251899+00:00"}
{"asset_id": "32769749367306925959219403371425714180265458150646381231272229429098460625924", "market": "0x2393ed0b0fdc450054c7b9071907eca75cf4fc36e385adf4a0a5f99ee62243e8", "price": "0.031", "size": "6.13", "side": "BUY", "best_bid": "0.967", "best_ask": "0.97", "timestamp": "2026-02-14T04:21:29.256411+00:00", "recorded_at": "2026-02-14T04:21:29.256659+00:00"}
{"asset_id": "100074770378634056601572485653252702850363676459996771990439989989293515601975", "market": "0x2393ed0b0fdc450054c7b9071907eca75cf4fc36e385adf4a0a5f99ee62243e8", "price": "0.969", "size": "6.13", "side": "SELL", "best_bid": "0.03", "best_ask": "0.033", "timestamp": "2026-02-14T04:21:29.260564+00:00", "recorded_at": "2026-02-14T04:21:29.260736+00:00"}
{"asset_id": "30442780799048074404860985387051749017905070253466005720364298335239299761065", "market": "0x49686d26fb712515cd5e12c23f0a1c7e10214c7faa3cb0a730aabe0c33694082", "price": "0.135", "size": "7", "side": "SELL", "best_bid": "0.12", "best_ask": "0.135", "timestamp": "2026-02-14T04:21:31.135264+00:00", "recorded_at": "2026-02-14T04:21:31.136045+00:00"}
{"asset_id": "13244681086321087932946246027856416106585284024824496763706748621681543444582", "market": "0x49686d26fb712515cd5e12c23f0a1c7e10214c7faa3cb0a730aabe0c33694082", "price": "0.865", "size": "7", "side": "BUY", "best_bid": "0.865", "best_ask": "0.88", "timestamp": "2026-02-14T04:21:31.144304+00:00", "recorded_at": "2026-02-14T04:21:31.144924+00:00"}
{"asset_id": "13244681086321087932946246027856416106585284024824496763706748621681543444582", "market": "0x49686d26fb712515cd5e12c23f0a1c7e10214c7faa3cb0a730aabe0c33694082", "price": "0.865", "size": "0", "side": "BUY", "best_bid": "0.864", "best_ask": "0.88", "timestamp": "2026-02-14T04:21:31.166421+00:00", "recorded_at": "2026-02-14T04:21:31.167288+00:00"}
{"asset_id": "30442780799048074404860985387051749017905070253466005720364298335239299761065", "market": "0x49686d26fb712515cd5e12c23f0a1c7e10214c7faa3cb0a730aabe0c33694082", "price": "0.135", "size": "0", "side": "SELL", "best_bid": "0.12", "best_ask": "0.136", "timestamp": "2026-02-14T04:21:31.175921+00:00", "recorded_at": "2026-02-14T04:21:31.176584+00:00"}
{"asset_id": "4153292802911610701832309484716814274802943278345248636922528170020319407796", "market": "0xaf9d0e448129a9f657f851d49495ba4742055d80e0ef1166ba0ee81d4d594214", "price": "0.901", "size": "0", "side": "BUY", "best_bid": "0.946", "best_ask": "0.988", "timestamp": "2026-02-14T04:21:31.382268+00:00", "recorded_at": "2026-02-14T04:21:31.383366+00:00"}
{"asset_id": "101676997363687199724245607342877036148401850938023978421879460310389391082353", "market": "0xaf9d0e448129a9f657f851d49495ba4742055d80e0ef1166ba0ee81d4d594214", "price": "0.099", "size": "0", "side": "SELL", "best_bid": "0.012", "best_ask": "0.054", "timestamp": "2026-02-14T04:21:31.392922+00:00", "recorded_at": "2026-02-14T04:21:31.393766+00:00"}
{"asset_id": "4153292802911610701832309484716814274802943278345248636922528170020319407796", "market": "0xaf9d0e448129a9f657f851d49495ba4742055d80e0ef1166ba0ee81d4d594214", "price": "0.9", "size": "135", "side": "BUY", "best_bid": "0.946", "best_ask": "0.988", "timestamp": "2026-02-14T04:21:31.586863+00:00", "recorded_at": "2026-02-14T04:21:31.588091+00:00"}
{"asset_id": "101676997363687199724245607342877036148401850938023978421879460310389391082353", "market": "0xaf9d0e448129a9f657f851d49495ba4742055d80e0ef1166ba0ee81d4d594214", "price": "0.1", "size": "135", "side": "SELL", "best_bid": "0.012", "best_ask": "0.054", "timestamp": "2026-02-14T04:21:31.597747+00:00", "recorded_at": "2026-02-14T04:21:31.598444+00:00"}
{"asset_id": "101676997363687199724245607342877036148401850938023978421879460310389391082353", "market": "0xaf9d0e448129a9f657f851d49495ba4742055d80e0ef1166ba0ee81d4d594214", "price": "0.054", "size": "0", "side": "SELL", "best_bid": "0.012", "best_ask": "0.055", "timestamp": "2026-02-14T04:21:32.770525+00:00", "recorded_at": "2026-02-14T04:21:32.771281+00:00"}
{"asset_id": "4153292802911610701832309484716814274802943278345248636922528170020319407796", "market": "0xaf9d0e448129a9f657f851d49495ba4742055d80e0ef1166ba0ee81d4d594214", "price": "0.946", "size": "0", "side": "BUY", "best_bid": "0.945", "best_ask": "0.988", "timestamp": "2026-02-14T04:21:32.781624+00:00", "recorded_at": "2026-02-14T04:21:32.782214+00:00"}
{"asset_id": "32769749367306925959219403371425714180265458150646381231272229429098460625924", "market": "0x2393ed0b0fdc450054c7b9071907eca75cf4fc36e385adf4a0a5f99ee62243e8", "price": "0.851", "size": "150", "side": "BUY", "best_bid": "0.967", "best_ask": "0.97", "timestamp": "2026-02-14T04:21:37.222555+00:00", "recorded_at": "2026-02-14T04:21:37.223659+00:00"}
{"asset_id": "100074770378634056601572485653252702850363676459996771990439989989293515601975", "market": "0x2393ed0b0fdc450054c7b9071907eca75cf4fc36e385adf4a0a5f99ee62243e8", "price": "0.149", "size": "150", "side": "SELL", "best_bid": "0.03", "best_ask": "0.033", "timestamp": "2026-02-14T04:21:37.237432+00:00", "recorded_at": "2026-02-14T04:21:37.238402+00:00"}
{"asset_id": "32769749367306925959219403371425714180265458150646381231272229429098460625924", "market": "0x2393ed0b0fdc450054c7b9071907eca75cf4fc36e385adf4a0a5f99ee62243e8", "price": "0.85", "size": "40", "side": "BUY", "best_bid": "0.967", "best_ask": "0.97", "timestamp": "2026-02-14T04:21:37.248924+00:00", "recorded_at": "2026-02-14T04:21:37.249510+00:00"}
{"asset_id": "100074770378634056601572485653252702850363676459996771990439989989293515601975", "market": "0x2393ed0b0fdc450054c7b9071907eca75cf4fc36e385adf4a0a5f99ee62243e8", "price": "0.15", "size": "40", "side": "SELL", "best_bid": "0.03", "best_ask": "0.033", "timestamp": "2026-02-14T04:21:37.257696+00:00", "recorded_at": "2026-02-14T04:21:37.258350+00:00"}
{"asset_id": "30442780799048074404860985387051749017905070253466005720364298335239299761065", "market": "0x49686d26fb712515cd5e12c23f0a1c7e10214c7faa3cb0a730aabe0c33694082", "price": "0.12", "size": "0", "side": "BUY", "best_bid": "0.115", "best_ask": "0.136", "timestamp": "2026-02-14T04:21:39.384391+00:00", "recorded_at": "2026-02-14T04:21:39.385227+00:00"}
{"asset_id": "13244681086321087932946246027856416106585284024824496763706748621681543444582", "market": "0x49686d26fb712515cd5e12c23f0a1c7e10214c7faa3cb0a730aabe0c33694082", "price": "0.88", "size": "0", "side": "SELL", "best_bid": "0.864", "best_ask": "0.885", "timestamp": "2026-02-14T04:21:39.393509+00:00", "recorded_at": "2026-02-14T04:21:39.394352+00:00"}
{"asset_id": "30442780799048074404860985387051749017905070253466005720364298335239299761065", "market": "0x49686d26fb712515cd5e12c23f0a1c7e10214c7faa3cb0a730aabe0c33694082", "price": "0.08", "size": "112.34", "side": "BUY", "best_bid": "0.115", "best_ask": "0.136", "timestamp": "2026-02-14T04:21:39.412011+00:00", "recorded_at": "2026-02-14T04:21:39.412823+00:00"}
{"asset_id": "13244681086321087932946246027856416106585284024824496763706748621681543444582", "market": "0x49686d26fb712515cd5e12c23f0a1c7e10214c7faa3cb0a730aabe0c33694082", "price": "0.92", "size": "112.34", "side": "SELL", "best_bid": "0.864", "best_ask": "0.885", "timestamp": "2026-02-14T04:21:39.420626+00:00", "recorded_at": "2026-02-14T04:21:39.421163+00:00"}
{"asset_id": "30442780799048074404860985387051749017905070253466005720364298335239299761065", "market": "0x49686d26fb712515cd5e12c23f0a1c7e10214c7faa3cb0a730aabe0c33694082", "price": "0.1", "size": "127.56", "side": "BUY", "best_bid": "0.115", "best_ask": "0.136", "timestamp": "2026-02-14T04:21:39.437839+00:00", "recorded_at": "2026-02-14T04:21:39.438755+00:00"}
{"asset_id": "13244681086321087932946246027856416106585284024824496763706748621681543444582", "market": "0x49686d26fb712515cd5e12c23f0a1c7e10214c7faa3cb0a730aabe0c33694082", "price": "0.9", "size": "127.56", "side": "SELL", "best_bid": "0.864", "best_ask": "0.885", "timestamp": "2026-02-14T04:21:39.444771+00:00", "recorded_at": "2026-02-14T04:21:39.445294+00:00"}
{"asset_id": "30442780799048074404860985387051749017905070253466005720364298335239299761065", "market": "0x49686d26fb712515cd5e12c23f0a1c7e10214c7faa3cb0a730aabe0c33694082", "price": "0.11", "size": "0", "side": "BUY", "best_bid": "0.115", "best_ask": "0.136", "timestamp": "2026-02-14T04:21:39.468564+00:00", "recorded_at": "2026-02-14T04:21:39.469370+00:00"}
{"asset_id": "13244681086321087932946246027856416106585284024824496763706748621681543444582", "market": "0x49686d26fb712515cd5e12c23f0a1c7e10214c7faa3cb0a730aabe0c33694082", "price": "0.89", "size": "0", "side": "SELL", "best_bid": "0.864", "best_ask": "0.885", "timestamp": "2026-02-14T04:21:39.475512+00:00", "recorded_at": "2026-02-14T04:21:39.476062+00:00"}
{"asset_id": "30442780799048074404860985387051749017905070253466005720364298335239299761065", "market": "0x49686d26fb712515cd5e12c23f0a1c7e10214c7faa3cb0a730aabe0c33694082", "price": "0.09", "size": "0", "side": "BUY", "best_bid": "0.115", "best_ask": "0.136", "timestamp": "2026-02-14T04:21:39.494324+00:00", "recorded_at": "2026-02-14T04:21:39.494817+00:00"}
{"asset_id": "13244681086321087932946246027856416106585284024824496763706748621681543444582", "market": "0x49686d26fb712515cd5e12c23f0a1c7e10214c7faa3cb0a730aabe0c33694082", "price": "0.91", "size": "0", "side": "SELL", "best_bid": "0.864", "best_ask": "0.885", "timestamp": "2026-02-14T04:21:39.502047+00:00", "recorded_at": "2026-02-14T04:21:39.502528+00:00"}
{"asset_id": "101676997363687199724245607342877036148401850938023978421879460310389391082353", "market": "0xaf9d0e448129a9f657f851d49495ba4742055d80e0ef1166ba0ee81d4d594214", "price": "0.054", "size": "776", "side": "SELL", "best_bid": "0.012", "best_ask": "0.054", "timestamp": "2026-02-14T04:21:42.274651+00:00", "recorded_at": "2026-02-14T04:21:42.275555+00:00"}
{"asset_id": "4153292802911610701832309484716814274802943278345248636922528170020319407796", "market": "0xaf9d0e448129a9f657f851d49495ba4742055d80e0ef1166ba0ee81d4d594214", "price": "0.946", "size": "776", "side": "BUY", "best_bid": "0.946", "best_ask": "0.988", "timestamp": "2026-02-14T04:21:42.286244+00:00", "recorded_at": "2026-02-14T04:21:42.287056+00:00"}
{"asset_id": "101676997363687199724245607342877036148401850938023978421879460310389391082353", "market": "0xaf9d0e448129a9f657f851d49495ba4742055d80e0ef1166ba0ee81d4d594214", "price": "0.002", "size": "10123.48", "side": "BUY", "best_bid": "0.012", "best_ask": "0.054", "timestamp": "2026-02-14T04:23:44.450538+00:00", "recorded_at": "2026-02-14T04:23:44.454922+00:00"}
{"asset_id": "4153292802911610701832309484716814274802943278345248636922528170020319407796", "market": "0xaf9d0e448129a9f657f851d49495ba4742055d80e0ef1166ba0ee81d4d594214", "price": "0.998", "size": "10123.48", "side": "SELL", "best_bid": "0.946", "best_ask": "0.988", "timestamp": "2026-02-14T04:23:44.474671+00:00", "recorded_at": "2026-02-14T04:23:44.475533+00:00"}
{"asset_id": "101676997363687199724245607342877036148401850938023978421879460310389391082353", "market": "0xaf9d0e448129a9f657f851d49495ba4742055d80e0ef1166ba0ee81d4d594214", "price": "0.003", "size": "1012.12", "side": "BUY", "best_bid": "0.012", "best_ask": "0.054", "timestamp": "2026-02-14T04:23:44.483800+00:00", "recorded_at": "2026-02-14T04:23:44.484631+00:00"}
{"asset_id": "4153292802911610701832309484716814274802943278345248636922528170020319407796", "market": "0xaf9d0e448129a9f657f851d49495ba4742055d80e0ef1166ba0ee81d4d594214", "price": "0.997", "size": "1012.12", "side": "SELL", "best_bid": "0.946", "best_ask": "0.988", "timestamp": "2026-02-14T04:23:44.494051+00:00", "recorded_at": "2026-02-14T04:23:44.494735+00:00"}
{"asset_id": "101676997363687199724245607342877036148401850938023978421879460310389391082353", "market": "0xaf9d0e448129a9f657f851d49495ba4742055d80e0ef1166ba0ee81d4d594214", "price": "0.005", "size": "1000", "side": "BUY", "best_bid": "0.012", "best_ask": "0.054", "timestamp": "2026-02-14T04:23:44.501868+00:00", "recorded_at": "2026-02-14T04:23:44.502309+00:00"}
{"asset_id": "4153292802911610701832309484716814274802943278345248636922528170020319407796", "market": "0xaf9d0e448129a9f657f851d49495ba4742055d80e0ef1166ba0ee81d4d594214", "price": "0.995", "size": "1000", "side": "SELL", "best_bid": "0.946", "best_ask": "0.988", "timestamp": "2026-02-14T04:23:44.508137+00:00", "recorded_at": "2026-02-14T04:23:44.508448+00:00"}
{"asset_id": "101676997363687199724245607342877036148401850938023978421879460310389391082353", "market": "0xaf9d0e448129a9f657f851d49495ba4742055d80e0ef1166ba0ee81d4d594214", "price": "0.005", "size": "1011.92", "side": "BUY", "best_bid": "0.012", "best_ask": "0.054", "timestamp": "2026-02-14T04:23:44.908797+00:00", "recorded_at": "2026-02-14T04:23:44.909857+00:00"}
{"asset_id": "4153292802911610701832309484716814274802943278345248636922528170020319407796", "market": "0xaf9d0e448129a9f657f851d49495ba4742055d80e0ef1166ba0ee81d4d594214", "price": "0.995", "size": "1011.92", "side": "SELL", "best_bid": "0.946", "best_ask": "0.988", "timestamp": "2026-02-14T04:23:44.919962+00:00", "recorded_at": "2026-02-14T04:23:44.920720+00:00"}
{"asset_id": "101676997363687199724245607342877036148401850938023978421879460310389391082353", "market": "0xaf9d0e448129a9f657f851d49495ba4742055d80e0ef1166ba0ee81d4d594214", "price": "0.002", "size": "10136.83", "side": "BUY", "best_bid": "0.012", "best_ask": "0.054", "timestamp": "2026-02-14T04:23:44.930556+00:00", "recorded_at": "2026-02-14T04:23:44.931293+00:00"}
{"asset_id": "4153292802911610701832309484716814274802943278345248636922528170020319407796", "market": "0xaf9d0e448129a9f657f851d49495ba4742055d80e0ef1166ba0ee81d4d594214", "price": "0.998", "size": "10136.83", "side": "SELL", "best_bid": "0.946", "best_ask": "0.988", "timestamp": "2026-02-14T04:23:44.938255+00:00", "recorded_at": "2026-02-14T04:23:44.938840+00:00"}
{"asset_id": "101676997363687199724245607342877036148401850938023978421879460310389391082353", "market": "0xaf9d0e448129a9f657f851d49495ba4742055d80e0ef1166ba0ee81d4d594214", "price": "0.003", "size": "1032.19", "side": "BUY", "best_bid": "0.012", "best_ask": "0.054", "timestamp": "2026-02-14T04:23:44.944417+00:00", "recorded_at": "2026-02-14T04:23:44.944682+00:00"}
{"asset_id": "4153292802911610701832309484716814274802943278345248636922528170020319407796", "market": "0xaf9d0e448129a9f657f851d49495ba4742055d80e0ef1166ba0ee81d4d594214", "price": "0.997", "size": "1032.19", "side": "SELL", "best_bid": "0.946", "best_ask": "0.988", "timestamp": "2026-02-14T04:23:44.949696+00:00", "recorded_at": "2026-02-14T04:23:44.949924+00:00"}
{"asset_id": "13244681086321087932946246027856416106585284024824496763706748621681543444582", "market": "0x49686d26fb712515cd5e12c23f0a1c7e10214c7faa3cb0a730aabe0c33694082", "price": "0.181", "size": "552", "side": "BUY", "best_bid": "0.864", "best_ask": "0.885", "timestamp": "2026-02-14T04:23:53.810143+00:00", "recorded_at": "2026-02-14T04:23:53.811221+00:00"}
{"asset_id": "30442780799048074404860985387051749017905070253466005720364298335239299761065", "market": "0x49686d26fb712515cd5e12c23f0a1c7e10214c7faa3cb0a730aabe0c33694082", "price": "0.819", "size": "552", "side": "SELL", "best_bid": "0.115", "best_ask": "0.136", "timestamp": "2026-02-14T04:23:53.825683+00:00", "recorded_at": "2026-02-14T04:23:53.826400+00:00"}
{"asset_id": "13244681086321087932946246027856416106585284024824496763706748621681543444582", "market": "0x49686d26fb712515cd5e12c23f0a1c7e10214c7faa3cb0a730aabe0c33694082", "price": "0.864", "size": "533.46", "side": "BUY", "best_bid": "0.864", "best_ask": "0.885", "timestamp": "2026-02-14T04:23:53.839913+00:00", "recorded_at": "2026-02-14T04:23:53.840672+00:00"}
{"asset_id": "30442780799048074404860985387051749017905070253466005720364298335239299761065", "market": "0x49686d26fb712515cd5e12c23f0a1c7e10214c7faa3cb0a730aabe0c33694082", "price": "0.136", "size": "533.46", "side": "SELL", "best_bid": "0.115", "best_ask": "0.136", "timestamp": "2026-02-14T04:23:53.848626+00:00", "recorded_at": "2026-02-14T04:23:53.849208+00:00"}
{"asset_id": "30442780799048074404860985387051749017905070253466005720364298335239299761065", "market": "0x49686d26fb712515cd5e12c23f0a1c7e10214c7faa3cb0a730aabe0c33694082", "price": "0.075", "size": "21", "side": "BUY", "best_bid": "0.115", "best_ask": "0.136", "timestamp": "2026-02-14T04:23:53.866752+00:00", "recorded_at": "2026-02-14T04:23:53.867176+00:00"}
{"asset_id": "13244681086321087932946246027856416106585284024824496763706748621681543444582", "market": "0x49686d26fb712515cd5e12c23f0a1c7e10214c7faa3cb0a730aabe0c33694082", "price": "0.925", "size": "21", "side": "SELL", "best_bid": "0.864", "best_ask": "0.885", "timestamp": "2026-02-14T04:23:53.872603+00:00", "recorded_at": "2026-02-14T04:23:53.872868+00:00"}
{"asset_id": "30442780799048074404860985387051749017905070253466005720364298335239299761065", "market": "0x49686d26fb712515cd5e12c23f0a1c7e10214c7faa3cb0a730aabe0c33694082", "price": "0.095", "size": "67.98", "side": "BUY", "best_bid": "0.115", "best_ask": "0.136", "timestamp": "2026-02-14T04:23:53.895088+00:00", "recorded_at": "2026-02-14T04:23:53.895360+00:00"}
{"asset_id": "13244681086321087932946246027856416106585284024824496763706748621681543444582", "market": "0x49686d26fb712515cd5e12c23f0a1c7e10214c7faa3cb0a730aabe0c33694082", "price": "0.905", "size": "67.98", "side": "SELL", "best_bid": "0.864", "best_ask": "0.885", "timestamp": "2026-02-14T04:23:53.900789+00:00", "recorded_at": "2026-02-14T04:23:53.901074+00:00"}
{"asset_id": "30442780799048074404860985387051749017905070253466005720364298335239299761065", "market": "0x49686d26fb712515cd5e12c23f0a1c7e10214c7faa3cb0a730aabe0c33694082", "price": "0.105", "size": "39", "side": "BUY", "best_bid": "0.115", "best_ask": "0.136", "timestamp": "2026-02-14T04:23:53.922073+00:00", "recorded_at": "2026-02-14T04:23:53.922680+00:00"}
{"asset_id": "13244681086321087932946246027856416106585284024824496763706748621681543444582", "market": "0x49686d26fb712515cd5e12c23f0a1c7e10214c7faa3cb0a730aabe0c33694082", "price": "0.895", "size": "39", "side": "SELL", "best_bid": "0.864", "best_ask": "0.885", "timestamp": "2026-02-14T04:23:53.928547+00:00", "recorded_at": "2026-02-14T04:23:53.928818+00:00"}
{"asset_id": "32769749367306925959219403371425714180265458150646381231272229429098460625924", "market": "0x2393ed0b0fdc450054c7b9071907eca75cf4fc36e385adf4a0a5f99ee62243e8", "price": "0.852", "size": "0", "side": "BUY", "best_bid": "0.967", "best_ask": "0.97", "timestamp": "2026-02-14T04:24:05.053471+00:00", "recorded_at": "2026-02-14T04:24:05.055265+00:00"}
{"asset_id": "100074770378634056601572485653252702850363676459996771990439989989293515601975", "market": "0x2393ed0b0fdc450054c7b9071907eca75cf4fc36e385adf4a0a5f99ee62243e8", "price": "0.148", "size": "0", "side": "SELL", "best_bid": "0.03", "best_ask": "0.033", "timestamp": "2026-02-14T04:24:05.070071+00:00", "recorded_at": "2026-02-14T04:24:05.071151+00:00"}
{"asset_id": "32769749367306925959219403371425714180265458150646381231272229429098460625924", "market": "0x2393ed0b0fdc450054c7b9071907eca75cf4fc36e385adf4a0a5f99ee62243e8", "price": "0.863", "size": "40", "side": "BUY", "best_bid": "0.967", "best_ask": "0.97", "timestamp": "2026-02-14T04:24:05.284929+00:00", "recorded_at": "2026-02-14T04:24:05.285772+00:00"}
{"asset_id": "100074770378634056601572485653252702850363676459996771990439989989293515601975", "market": "0x2393ed0b0fdc450054c7b9071907eca75cf4fc36e385adf4a0a5f99ee62243e8", "price": "0.137", "size": "40", "side": "SELL", "best_bid": "0.03", "best_ask": "0.033", "timestamp": "2026-02-14T04:24:05.295438+00:00", "recorded_at": "2026-02-14T04:24:05.296245+00:00"}
{"asset_id": "13244681086321087932946246027856416106585284024824496763706748621681543444582", "market": "0x49686d26fb712515cd5e12c23f0a1c7e10214c7faa3cb0a730aabe0c33694082", "price": "0.92", "size": "106.54", "side": "SELL", "best_bid": "0.864", "best_ask": "0.885", "timestamp": "2026-02-14T04:24:05.645902+00:00", "recorded_at": "2026-02-14T04:24:05.646670+00:00"}
{"asset_id": "30442780799048074404860985387051749017905070253466005720364298335239299761065", "market": "0x49686d26fb712515cd5e12c23f0a1c7e10214c7faa3cb0a730aabe0c33694082", "price": "0.08", "size": "106.54", "side": "BUY", "best_bid": "0.115", "best_ask": "0.136", "timestamp": "2026-02-14T04:24:05.658074+00:00", "recorded_at": "2026-02-14T04:24:05.659556+00:00"}
{"asset_id": "13244681086321087932946246027856416106585284024824496763706748621681543444582", "market": "0x49686d26fb712515cd5e12c23f0a1c7e10214c7faa3cb0a730aabe0c33694082", "price": "0.92", "size": "112.34", "side": "SELL", "best_bid": "0.864", "best_ask": "0.885", "timestamp": "2026-02-14T04:24:05.701002+00:00", "recorded_at": "2026-02-14T04:24:05.702092+00:00"}
{"asset_id": "30442780799048074404860985387051749017905070253466005720364298335239299761065", "market": "0x49686d26fb712515cd5e12c23f0a1c7e10214c7faa3cb0a730aabe0c33694082", "price": "0.08", "size": "112.34", "side": "BUY", "best_bid": "0.115", "best_ask": "0.136", "timestamp": "2026-02-14T04:24:05.709223+00:00", "recorded_at": "2026-02-14T04:24:05.709955+00:00"}
{"asset_id": "4153292802911610701832309484716814274802943278345248636922528170020319407796", "market": "0xaf9d0e448129a9f657f851d49495ba4742055d80e0ef1166ba0ee81d4d594214", "price": "0.62", "size": "10.94", "side": "BUY", "best_bid": "0.946", "best_ask": "0.988", "timestamp": "2026-02-14T04:24:49.954461+00:00", "recorded_at": "2026-02-14T04:24:49.956274+00:00"}
{"asset_id": "101676997363687199724245607342877036148401850938023978421879460310389391082353", "market": "0xaf9d0e448129a9f657f851d49495ba4742055d80e0ef1166ba0ee81d4d594214", "price": "0.38", "size": "10.94", "side": "SELL", "best_bid": "0.012", "best_ask": "0.054", "timestamp": "2026-02-14T04:24:49.965951+00:00", "recorded_at": "2026-02-14T04:24:49.966511+00:00"}
{"asset_id": "4153292802911610701832309484716814274802943278345248636922528170020319407796", "market": "0xaf9d0e448129a9f657f851d49495ba4742055d80e0ef1166ba0ee81d4d594214", "price": "0.211", "size": "0", "side": "BUY", "best_bid": "0.946", "best_ask": "0.988", "timestamp": "2026-02-14T04:25:21.522695+00:00", "recorded_at": "2026-02-14T04:25:21.526412+00:00"}
{"asset_id": "101676997363687199724245607342877036148401850938023978421879460310389391082353", "market": "0xaf9d0e448129a9f657f851d49495ba4742055d80e0ef1166ba0ee81d4d594214", "price": "0.789", "size": "0", "side": "SELL", "best_bid": "0.012", "best_ask": "0.054", "timestamp": "2026-02-14T04:25:21.555427+00:00", "recorded_at": "2026-02-14T04:25:21.556197+00:00"}
{"asset_id": "30442780799048074404860985387051749017905070253466005720364298335239299761065", "market": "0x49686d26fb712515cd5e12c23f0a1c7e10214c7faa3cb0a730aabe0c33694082", "price": "0.028", "size": "0", "side": "BUY", "best_bid": "0.115", "best_ask": "0.136", "timestamp": "2026-02-14T04:25:21.568039+00:00", "recorded_at": "2026-02-14T04:25:21.568630+00:00"}
{"asset_id": "13244681086321087932946246027856416106585284024824496763706748621681543444582", "market": "0x49686d26fb712515cd5e12c23f0a1c7e10214c7faa3cb0a730aabe0c33694082", "price": "0.972", "size": "0", "side": "SELL", "best_bid": "0.864", "best_ask": "0.885", "timestamp": "2026-02-14T04:25:21.577163+00:00", "recorded_at": "2026-02-14T04:25:21.577813+00:00"}
{"asset_id": "30442780799048074404860985387051749017905070253466005720364298335239299761065", "market": "0x49686d26fb712515cd5e12c23f0a1c7e10214c7faa3cb0a730aabe0c33694082", "price": "0.053", "size": "0", "side": "BUY", "best_bid": "0.115", "best_ask": "0.136", "timestamp": "2026-02-14T04:25:21.585828+00:00", "recorded_at": "2026-02-14T04:25:21.586411+00:00"}
{"asset_id": "13244681086321087932946246027856416106585284024824496763706748621681543444582", "market": "0x49686d26fb712515cd5e12c23f0a1c7e10214c7faa3cb0a730aabe0c33694082", "price": "0.947", "size": "0", "side": "SELL", "best_bid": "0.864", "best_ask": "0.885", "timestamp": "2026-02-14T04:25:21.592947+00:00", "recorded_at": "2026-02-14T04:25:21.593307+00:00"}
{"asset_id": "30442780799048074404860985387051749017905070253466005720364298335239299761065", "market": "0x49686d26fb712515cd5e12c23f0a1c7e10214c7faa3cb0a730aabe0c33694082", "price": "0.063", "size": "0", "side": "BUY", "best_bid": "0.115", "best_ask": "0.136", "timestamp": "2026-02-14T04:25:21.598515+00:00", "recorded_at": "2026-02-14T04:25:21.598807+00:00"}
{"asset_id": "13244681086321087932946246027856416106585284024824496763706748621681543444582", "market": "0x49686d26fb712515cd5e12c23f0a1c7e10214c7faa3cb0a730aabe0c33694082", "price": "0.937", "size": "0", "side": "SELL", "best_bid": "0.864", "best_ask": "0.885", "timestamp": "2026-02-14T04:25:21.604570+00:00", "recorded_at": "2026-02-14T04:25:21.604896+00:00"}
{"asset_id": "30442780799048074404860985387051749017905070253466005720364298335239299761065", "market": "0x49686d26fb712515cd5e12c23f0a1c7e10214c7faa3cb0a730aabe0c33694082", "price": "0.091", "size": "0", "side": "BUY", "best_bid": "0.115", "best_ask": "0.136", "timestamp": "2026-02-14T04:25:21.610278+00:00", "recorded_at": "2026-02-14T04:25:21.610503+00:00"}
{"asset_id": "13244681086321087932946246027856416106585284024824496763706748621681543444582", "market": "0x49686d26fb712515cd5e12c23f0a1c7e10214c7faa3cb0a730aabe0c33694082", "price": "0.909", "size": "0", "side": "SELL", "best_bid": "0.864", "best_ask": "0.885", "timestamp": "2026-02-14T04:25:21.614898+00:00", "recorded_at": "2026-02-14T04:25:21.615085+00:00"}
{"asset_id": "4153292802911610701832309484716814274802943278345248636922528170020319407796", "market": "0xaf9d0e448129a9f657f851d49495ba4742055d80e0ef1166ba0ee81d4d594214", "price": "0.211", "size": "7.18", "side": "BUY", "best_bid": "0.946", "best_ask": "0.988", "timestamp": "2026-02-14T04:25:22.049622+00:00", "recorded_at": "2026-02-14T04:25:22.051003+00:00"}
{"asset_id": "101676997363687199724245607342877036148401850938023978421879460310389391082353", "market": "0xaf9d0e448129a9f657f851d49495ba4742055d80e0ef1166ba0ee81d4d594214", "price": "0.789", "size": "7.18", "side": "SELL", "best_bid": "0.012", "best_ask": "0.054", "timestamp": "2026-02-14T04:25:22.059689+00:00", "recorded_at": "2026-02-14T04:25:22.060681+00:00"}
{"asset_id": "30442780799048074404860985387051749017905070253466005720364298335239299761065", "market": "0x49686d26fb712515cd5e12c23f0a1c7e10214c7faa3cb0a730aabe0c33694082", "price": "0.043", "size": "7.83", "side": "BUY", "best_bid": "0.115", "best_ask": "0.136", "timestamp": "2026-02-14T04:25:22.068595+00:00", "recorded_at": "2026-02-14T04:25:22.069250+00:00"}
{"asset_id": "13244681086321087932946246027856416106585284024824496763706748621681543444582", "market": "0x49686d26fb712515cd5e12c23f0a1c7e10214c7faa3cb0a730aabe0c33694082", "price": "0.957", "size": "7.83", "side": "SELL", "best_bid": "0.864", "best_ask": "0.885", "timestamp": "2026-02-14T04:25:22.075913+00:00", "recorded_at": "2026-02-14T04:25:22.076354+00:00"}
{"asset_id": "30442780799048074404860985387051749017905070253466005720364298335239299761065", "market": "0x49686d26fb712515cd5e12c23f0a1c7e10214c7faa3cb0a730aabe0c33694082", "price": "0.028", "size": "9.85", "side": "BUY", "best_bid": "0.115", "best_ask": "0.136", "timestamp": "2026-02-14T04:25:22.082313+00:00", "recorded_at": "2026-02-14T04:25:22.082725+00:00"}
{"asset_id": "13244681086321087932946246027856416106585284024824496763706748621681543444582", "market": "0x49686d26fb712515cd5e12c23f0a1c7e10214c7faa3cb0a730aabe0c33694082", "price": "0.972", "size": "9.85", "side": "SELL", "best_bid": "0.864", "best_ask": "0.885", "timestamp": "2026-02-14T04:25:22.087333+00:00", "recorded_at": "2026-02-14T04:25:22.087621+00:00"}
{"asset_id": "30442780799048074404860985387051749017905070253466005720364298335239299761065", "market": "0x49686d26fb712515cd5e12c23f0a1c7e10214c7faa3cb0a730aabe0c33694082", "price": "0.062", "size": "10.31", "side": "BUY", "best_bid": "0.115", "best_ask": "0.136", "timestamp": "2026-02-14T04:25:22.092423+00:00", "recorded_at": "2026-02-14T04:25:22.092650+00:00"}
{"asset_id": "13244681086321087932946246027856416106585284024824496763706748621681543444582", "market": "0x49686d26fb712515cd5e12c23f0a1c7e10214c7faa3cb0a730aabe0c33694082", "price": "0.938", "size": "10.31", "side": "SELL", "best_bid": "0.864", "best_ask": "0.885", "timestamp": "2026-02-14T04:25:22.095822+00:00", "recorded_at": "2026-02-14T04:25:22.095982+00:00"}
{"asset_id": "30442780799048074404860985387051749017905070253466005720364298335239299761065", "market": "0x49686d26fb712515cd5e12c23f0a1c7e10214c7faa3cb0a730aabe0c33694082", "price": "0.081", "size": "7.12", "side": "BUY", "best_bid": "0.115", "best_ask": "0.136", "timestamp": "2026-02-14T04:25:22.099191+00:00", "recorded_at": "2026-02-14T04:25:22.099385+00:00"}
{"asset_id": "13244681086321087932946246027856416106585284024824496763706748621681543444582", "market": "0x49686d26fb712515cd5e12c23f0a1c7e10214c7faa3cb0a730aabe0c33694082", "price": "0.919", "size": "7.12", "side": "SELL", "best_bid": "0.864", "best_ask": "0.885", "timestamp": "2026-02-14T04:25:22.102838+00:00", "recorded_at": "2026-02-14T04:25:22.102991+00:00"}
{"asset_id": "30442780799048074404860985387051749017905070253466005720364298335239299761065", "market": "0x49686d26fb712515cd5e12c23f0a1c7e10214c7faa3cb0a730aabe0c33694082", "price": "0.115", "size": "0.03", "side": "BUY", "best_bid": "0.115", "best_ask": "0.136", "timestamp": "2026-02-14T04:25:30.698343+00:00", "recorded_at": "2026-02-14T04:25:30.699826+00:00"}
{"asset_id": "13244681086321087932946246027856416106585284024824496763706748621681543444582", "market": "0x49686d26fb712515cd5e12c23f0a1c7e10214c7faa3cb0a730aabe0c33694082", "price": "0.885", "size": "0.03", "side": "SELL", "best_bid": "0.864", "best_ask": "0.885", "timestamp": "2026-02-14T04:25:30.714758+00:00", "recorded_at": "2026-02-14T04:25:30.715682+00:00"}
{"asset_id": "32769749367306925959219403371425714180265458150646381231272229429098460625924", "market": "0x2393ed0b0fdc450054c7b9071907eca75cf4fc36e385adf4a0a5f99ee62243e8", "price": "0.883", "size": "0", "side": "BUY", "best_bid": "0.967", "best_ask": "0.97", "timestamp": "2026-02-14T04:25:41.359177+00:00", "recorded_at": "2026-02-14T04:25:41.360850+00:00"}
{"asset_id": "100074770378634056601572485653252702850363676459996771990439989989293515601975", "market": "0x2393ed0b0fdc450054c7b9071907eca75cf4fc36e385adf4a0a5f99ee62243e8", "price": "0.117", "size": "0", "side": "SELL", "best_bid": "0.03", "best_ask": "0.033", "timestamp": "2026-02-14T04:25:41.385783+00:00", "recorded_at": "2026-02-14T04:25:41.386531+00:00"}
{"asset_id": "32769749367306925959219403371425714180265458150646381231272229429098460625924", "market": "0x2393ed0b0fdc450054c7b9071907eca75cf4fc36e385adf4a0a5f99ee62243e8", "price": "0.885", "size": "30", "side": "BUY", "best_bid": "0.967", "best_ask": "0.97", "timestamp": "2026-02-14T04:25:41.519794+00:00", "recorded_at": "2026-02-14T04:25:41.521203+00:00"}
{"asset_id": "100074770378634056601572485653252702850363676459996771990439989989293515601975", "market": "0x2393ed0b0fdc450054c7b9071907eca75cf4fc36e385adf4a0a5f99ee62243e8", "price": "0.115", "size": "30", "side": "SELL", "best_bid": "0.03", "best_ask": "0.033", "timestamp": "2026-02-14T04:25:41.530142+00:00", "recorded_at": "2026-02-14T04:25:41.530944+00:00"}
{"asset_id": "32769749367306925959219403371425714180265458150646381231272229429098460625924", "market": "0x2393ed0b0fdc450054c7b9071907eca75cf4fc36e385adf4a0a5f99ee62243e8", "price": "0.884", "size": "0", "side": "BUY", "best_bid": "0.967", "best_ask": "0.97", "timestamp": "2026-02-14T04:25:51.720208+00:00", "recorded_at": "2026-02-14T04:25:51.721552+00:00"}
{"asset_id": "100074770378634056601572485653252702850363676459996771990439989989293515601975", "market": "0x2393ed0b0fdc450054c7b9071907eca75cf4fc36e385adf4a0a5f99ee62243e8", "price": "0.116", "size": "0", "side": "SELL", "best_bid": "0.03", "best_ask": "0.033", "timestamp": "2026-02-14T04:25:51.734375+00:00", "recorded_at": "2026-02-14T04:25:51.735084+00:00"}
{"asset_id": "32769749367306925959219403371425714180265458150646381231272229429098460625924", "market": "0x2393ed0b0fdc450054c7b9071907eca75cf4fc36e385adf4a0a5f99ee62243e8", "price": "0.886", "size": "19", "side": "BUY", "best_bid": "0.967", "best_ask": "0.97", "timestamp": "2026-02-14T04:25:51.993759+00:00", "recorded_at": "2026-02-14T04:25:51.995703+00:00"}
{"asset_id": "100074770378634056601572485653252702850363676459996771990439989989293515601975", "market": "0x2393ed0b0fdc450054c7b9071907eca75cf4fc36e385adf4a0a5f99ee62243e8", "price": "0.114", "size": "19", "side": "SELL", "best_bid": "0.03", "best_ask": "0.033", "timestamp": "2026-02-14T04:25:52.006768+00:00", "recorded_at": "2026-02-14T04:25:52.007539+00:00"}
{"asset_id": "4153292802911610701832309484716814274802943278345248636922528170020319407796", "market": "0xaf9d0e448129a9f657f851d49495ba4742055d80e0ef1166ba0ee81d4d594214", "price": "0.211", "size": "0", "side": "BUY", "best_bid": "0.946", "best_ask": "0.988", "timestamp": "2026-02-14T04:26:09.494198+00:00", "recorded_at": "2026-02-14T04:26:09.494969+00:00"}
{"asset_id": "101676997363687199724245607342877036148401850938023978421879460310389391082353", "market": "0xaf9d0e448129a9f657f851d49495ba4742055d80e0ef1166ba0ee81d4d594214", "price": "0.789", "size": "0", "side": "SELL", "best_bid": "0.012", "best_ask": "0.054", "timestamp": "2026-02-14T04:26:09.504822+00:00", "recorded_at": "2026-02-14T04:26:09.505273+00:00"}
{"asset_id": "4153292802911610701832309484716814274802943278345248636922528170020319407796", "market": "0xaf9d0e448129a9f657f851d49495ba4742055d80e0ef1166ba0ee81d4d594214", "price": "0.211", "size": "7.18", "side": "BUY", "best_bid": "0.946", "best_ask": "0.988", "timestamp": "2026-02-14T04:26:10.413858+00:00", "recorded_at": "2026-02-14T04:26:10.414557+00:00"}
{"asset_id": "101676997363687199724245607342877036148401850938023978421879460310389391082353", "market": "0xaf9d0e448129a9f657f851d49495ba4742055d80e0ef1166ba0ee81d4d594214", "price": "0.789", "size": "7.18", "side": "SELL", "best_bid": "0.012", "best_ask": "0.054", "timestamp": "2026-02-14T04:26:10.426347+00:00", "recorded_at": "2026-02-14T04:26:10.426865+00:00"}
{"asset_id": "4153292802911610701832309484716814274802943278345248636922528170020319407796", "market": "0xaf9d0e448129a9f657f851d49495ba4742055d80e0ef1166ba0ee81d4d594214", "price": "0.62", "size": "50.94", "side": "BUY", "best_bid": "0.946", "best_ask": "0.988", "timestamp": "2026-02-14T04:26:20.467619+00:00", "recorded_at": "2026-02-14T04:26:20.468483+00:00"}
{"asset_id": "101676997363687199724245607342877036148401850938023978421879460310389391082353", "market": "0xaf9d0e448129a9f657f851d49495ba4742055d80e0ef1166ba0ee81d4d594214", "price": "0.38", "size": "50.94", "side": "SELL", "best_bid": "0.012", "best_ask": "0.054", "timestamp": "2026-02-14T04:26:20.479795+00:00", "recorded_at": "2026-02-14T04:26:20.480793+00:00"}
{"asset_id": "4153292802911610701832309484716814274802943278345248636922528170020319407796", "market": "0xaf9d0e448129a9f657f851d49495ba4742055d80e0ef1166ba0ee81d4d594214", "price": "0.211", "size": "0", "side": "BUY", "best_bid": "0.946", "best_ask": "0.988", "timestamp": "2026-02-14T04:27:04.975086+00:00", "recorded_at": "2026-02-14T04:27:04.975936+00:00"}
{"asset_id": "101676997363687199724245607342877036148401850938023978421879460310389391082353", "market": "0xaf9d0e448129a9f657f851d49495ba4742055d80e0ef1166ba0ee81d4d594214", "price": "0.789", "size": "0", "side": "SELL", "best_bid": "0.012", "best_ask": "0.054", "timestamp": "2026-02-14T04:27:04.987371+00:00", "recorded_at": "2026-02-14T04:27:04.987925+00:00"}
{"asset_id": "4153292802911610701832309484716814274802943278345248636922528170020319407796", "market": "0xaf9d0e448129a9f657f851d49495ba4742055d80e0ef1166ba0ee81d4d594214", "price": "0.211", "size": "7.18", "side": "BUY", "best_bid": "0.946", "best_ask": "0.988", "timestamp": "2026-02-14T04:27:08.832239+00:00", "recorded_at": "2026-02-14T04:27:08.833440+00:00"}
{"asset_id": "101676997363687199724245607342877036148401850938023978421879460310389391082353", "market": "0xaf9d0e448129a9f657f851d49495ba4742055d80e0ef1166ba0ee81d4d594214", "price": "0.789", "size": "7.18", "side": "SELL", "best_bid": "0.012", "best_ask": "0.054", "timestamp": "2026-02-14T04:27:08.844468+00:00", "recorded_at": "2026-02-14T04:27:08.845266+00:00"}
{"asset_id": "101676997363687199724245607342877036148401850938023978421879460310389391082353", "market": "0xaf9d0e448129a9f657f851d49495ba4742055d80e0ef1166ba0ee81d4d594214", "price": "0.002", "size": "10123.48", "side": "BUY", "best_bid": "0.012", "best_ask": "0.054", "timestamp": "2026-02-14T04:28:16.244634+00:00", "recorded_at": "2026-02-14T04:28:16.247608+00:00"}
{"asset_id": "4153292802911610701832309484716814274802943278345248636922528170020319407796", "market": "0xaf9d0e448129a9f657f851d49495ba4742055d80e0ef1166ba0ee81d4d594214", "price": "0.998", "size": "10123.48", "side": "SELL", "best_bid": "0.946", "best_ask": "0.988", "timestamp": "2026-02-14T04:28:17.435967+00:00", "recorded_at": "2026-02-14T04:28:17.436890+00:00"}
{"asset_id": "101676997363687199724245607342877036148401850938023978421879460310389391082353", "market": "0xaf9d0e448129a9f657f851d49495ba4742055d80e0ef1166ba0ee81d4d594214", "price": "0.003", "size": "1012.12", "side": "BUY", "best_bid": "0.012", "best_ask": "0.054", "timestamp": "2026-02-14T04:28:17.446102+00:00", "recorded_at": "2026-02-14T04:28:17.446795+00:00"}
{"asset_id": "4153292802911610701832309484716814274802943278345248636922528170020319407796", "market": "0xaf9d0e448129a9f657f851d49495ba4742055d80e0ef1166ba0ee81d4d594214", "price": "0.997", "size": "1012.12", "side": "SELL", "best_bid": "0.946", "best_ask": "0.988", "timestamp": "2026-02-14T04:28:17.455351+00:00", "recorded_at": "2026-02-14T04:28:17.455809+00:00"}
{"asset_id": "101676997363687199724245607342877036148401850938023978421879460310389391082353", "market": "0xaf9d0e448129a9f657f851d49495ba4742055d80e0ef1166ba0ee81d4d594214", "price": "0.005", "size": "1000", "side": "BUY", "best_bid": "0.012", "best_ask": "0.054", "timestamp": "2026-02-14T04:28:17.461143+00:00", "recorded_at": "2026-02-14T04:28:17.461414+00:00"}
{"asset_id": "4153292802911610701832309484716814274802943278345248636922528170020319407796", "market": "0xaf9d0e448129a9f657f851d49495ba4742055d80e0ef1166ba0ee81d4d594214", "price": "0.995", "size": "1000", "side": "SELL", "best_bid": "0.946", "best_ask": "0.988", "timestamp": "2026-02-14T04:28:17.466633+00:00", "recorded_at": "2026-02-14T04:28:17.466896+00:00"}
{"asset_id": "4153292802911610701832309484716814274802943278345248636922528170020319407796", "market": "0xaf9d0e448129a9f657f851d49495ba4742055d80e0ef1166ba0ee81d4d594214", "price": "0.624", "size": "0", "side": "BUY", "best_bid": "0.946", "best_ask": "0.988", "timestamp": "2026-02-14T04:28:17.470796+00:00", "recorded_at": "2026-02-14T04:28:17.470985+00:00"}
{"asset_id": "101676997363687199724245607342877036148401850938023978421879460310389391082353", "market": "0xaf9d0e448129a9f657f851d49495ba4742055d80e0ef1166ba0ee81d4d594214", "price": "0.376", "size": "0", "side": "SELL", "best_bid": "0.012", "best_ask": "0.054", "timestamp": "2026-02-14T04:28:17.475259+00:00", "recorded_at": "2026-02-14T04:28:17.475502+00:00"}
{"asset_id": "30442780799048074404860985387051749017905070253466005720364298335239299761065", "market": "0x49686d26fb712515cd5e12c23f0a1c7e10214c7faa3cb0a730aabe0c33694082", "price": "0.027", "size": "0", "side": "BUY", "best_bid": "0.115", "best_ask": "0.136", "timestamp": "2026-02-14T04:28:17.479666+00:00", "recorded_at": "2026-02-14T04:28:17.479873+00:00"}
{"asset_id": "13244681086321087932946246027856416106585284024824496763706748621681543444582", "market": "0x49686d26fb712515cd5e12c23f0a1c7e10214c7faa3cb0a730aabe0c33694082", "price": "0.973", "size": "0", "side": "SELL", "best_bid": "0.864", "best_ask": "0.885", "timestamp": "2026-02-14T04:28:17.483832+00:00", "recorded_at": "2026-02-14T04:28:17.484046+00:00"}
{"asset_id": "30442780799048074404860985387051749017905070253466005720364298335239299761065", "market": "0x49686d26fb712515cd5e12c23f0a1c7e10214c7faa3cb0a730aabe0c33694082", "price": "0.029", "size": "40", "side": "BUY", "best_bid": "0.115", "best_ask": "0.136", "timestamp": "2026-02-14T04:28:17.487654+00:00", "recorded_at": "2026-02-14T04:28:17.487831+00:00"}
{"asset_id": "13244681086321087932946246027856416106585284024824496763706748621681543444582", "market": "0x49686d26fb712515cd5e12c23f0a1c7e10214c7faa3cb0a730aabe0c33694082", "price": "0.971", "size": "40", "side": "SELL", "best_bid": "0.864", "best_ask": "0.885", "timestamp": "2026-02-14T04:28:17.491589+00:00", "recorded_at": "2026-02-14T04:28:17.491742+00:00"}
{"asset_id": "4153292802911610701832309484716814274802943278345248636922528170020319407796", "market": "0xaf9d0e448129a9f657f851d49495ba4742055d80e0ef1166ba0ee81d4d594214", "price": "0.623", "size": "30.23", "side": "BUY", "best_bid": "0.946", "best_ask": "0.988", "timestamp": "2026-02-14T04:28:17.495675+00:00", "recorded_at": "2026-02-14T04:28:17.495826+00:00"}
{"asset_id": "101676997363687199724245607342877036148401850938023978421879460310389391082353", "market": "0xaf9d0e448129a9f657f851d49495ba4742055d80e0ef1166ba0ee81d4d594214", "price": "0.377", "size": "30.23", "side": "SELL", "best_bid": "0.012", "best_ask": "0.054", "timestamp": "2026-02-14T04:28:17.499167+00:00", "recorded_at": "2026-02-14T04:28:17.499305+00:00"}
{"asset_id": "101676997363687199724245607342877036148401850938023978421879460310389391082353", "market": "0xaf9d0e448129a9f657f851d49495ba4742055d80e0ef1166ba0ee81d4d594214", "price": "0.002", "size": "10136.83", "side": "BUY", "best_bid": "0.012", "best_ask": "0.054", "timestamp": "2026-02-14T04:28:18.689822+00:00", "recorded_at": "2026-02-14T04:28:18.690677+00:00"}
{"asset_id": "4153292802911610701832309484716814274802943278345248636922528170020319407796", "market": "0xaf9d0e448129a9f657f851d49495ba4742055d80e0ef1166ba0ee81d4d594214", "price": "0.998", "size": "10136.83", "side": "SELL", "best_bid": "0.946", "best_ask": "0.988", "timestamp": "2026-02-14T04:28:18.700566+00:00", "recorded_at": "2026-02-14T04:28:18.701085+00:00"}
{"asset_id": "101676997363687199724245607342877036148401850938023978421879460310389391082353", "market": "0xaf9d0e448129a9f657f851d49495ba4742055d80e0ef1166ba0ee81d4d594214", "price": "0.003", "size": "1032.19", "side": "BUY", "best_bid": "0.012", "best_ask": "0.054", "timestamp": "2026-02-14T04:28:18.708733+00:00", "recorded_at": "2026-02-14T04:28:18.709038+00:00"}
{"asset_id": "4153292802911610701832309484716814274802943278345248636922528170020319407796", "market": "0xaf9d0e448129a9f657f851d49495ba4742055d80e0ef1166ba0ee81d4d594214", "price": "0.997", "size": "1032.19", "side": "SELL", "best_bid": "0.946", "best_ask": "0.988", "timestamp": "2026-02-14T04:28:18.716006+00:00", "recorded_at": "2026-02-14T04:28:18.716610+00:00"}
{"asset_id": "101676997363687199724245607342877036148401850938023978421879460310389391082353", "market": "0xaf9d0e448129a9f657f851d49495ba4742055d80e0ef1166ba0ee81d4d594214", "price": "0.005", "size": "1011.92", "side": "BUY", "best_bid": "0.012", "best_ask": "0.054", "timestamp": "2026-02-14T04:28:18.722640+00:00", "recorded_at": "2026-02-14T04:28:18.722889+00:00"}
{"asset_id": "4153292802911610701832309484716814274802943278345248636922528170020319407796", "market": "0xaf9d0e448129a9f657f851d49495ba4742055d80e0ef1166ba0ee81d4d594214", "price": "0.995", "size": "1011.92", "side": "SELL", "best_bid": "0.946", "best_ask": "0.988", "timestamp": "2026-02-14T04:28:18.727733+00:00", "recorded_at": "2026-02-14T04:28:18.727909+00:00"}
{"asset_id": "4153292802911610701832309484716814274802943278345248636922528170020319407796", "market": "0xaf9d0e448129a9f657f851d49495ba4742055d80e0ef1166ba0ee81d4d594214", "price": "0.391", "size": "0", "side": "BUY", "best_bid": "0.946", "best_ask": "0.988", "timestamp": "2026-02-14T04:28:59.686355+00:00", "recorded_at": "2026-02-14T04:28:59.689269+00:00"}
{"asset_id": "101676997363687199724245607342877036148401850938023978421879460310389391082353", "market": "0xaf9d0e448129a9f657f851d49495ba4742055d80e0ef1166ba0ee81d4d594214", "price": "0.609", "size": "0", "side": "SELL", "best_bid": "0.012", "best_ask": "0.054", "timestamp": "2026-02-14T04:28:59.703513+00:00", "recorded_at": "2026-02-14T04:28:59.704343+00:00"}
{"asset_id": "4153292802911610701832309484716814274802943278345248636922528170020319407796", "market": "0xaf9d0e448129a9f657f851d49495ba4742055d80e0ef1166ba0ee81d4d594214", "price": "0.501", "size": "30", "side": "BUY", "best_bid": "0.946", "best_ask": "0.988", "timestamp": "2026-02-14T04:28:59.839463+00:00", "recorded_at": "2026-02-14T04:28:59.840341+00:00"}
{"asset_id": "101676997363687199724245607342877036148401850938023978421879460310389391082353", "market": "0xaf9d0e448129a9f657f851d49495ba4742055d80e0ef1166ba0ee81d4d594214", "price": "0.499", "size": "30", "side": "SELL", "best_bid": "0.012", "best_ask": "0.054", "timestamp": "2026-02-14T04:28:59.851860+00:00", "recorded_at": "2026-02-14T04:28:59.852241+00:00"}
{"asset_id": "30442780799048074404860985387051749017905070253466005720364298335239299761065", "market": "0x49686d26fb712515cd5e12c23f0a1c7e10214c7faa3cb0a730aabe0c33694082", "price": "0.109", "size": "5", "side": "BUY", "best_bid": "0.115", "best_ask": "0.136", "timestamp": "2026-02-14T04:29:38.176849+00:00", "recorded_at": "2026-02-14T04:29:38.177830+00:00"}
{"asset_id": "13244681086321087932946246027856416106585284024824496763706748621681543444582", "market": "0x49686d26fb712515cd5e12c23f0a1c7e10214c7faa3cb0a730aabe0c33694082", "price": "0.891", "size": "5", "side": "SELL", "best_bid": "0.864", "best_ask": "0.885", "timestamp": "2026-02-14T04:29:38.187103+00:00", "recorded_at": "2026-02-14T04:29:38.187602+00:00"}
{"asset_id": "30442780799048074404860985387051749017905070253466005720364298335239299761065", "market": "0x49686d26fb712515cd5e12c23f0a1c7e10214c7faa3cb0a730aabe0c33694082", "price": "0.111", "size": "0", "side": "BUY", "best_bid": "0.115", "best_ask": "0.136", "timestamp": "2026-02-14T04:29:38.202679+00:00", "recorded_at": "2026-02-14T04:29:38.203200+00:00"}
{"asset_id": "13244681086321087932946246027856416106585284024824496763706748621681543444582", "market": "0x49686d26fb712515cd5e12c23f0a1c7e10214c7faa3cb0a730aabe0c33694082", "price": "0.889", "size": "0", "side": "SELL", "best_bid": "0.864", "best_ask": "0.885", "timestamp": "2026-02-14T04:29:38.208146+00:00", "recorded_at": "2026-02-14T04:29:38.208462+00:00"}
{"asset_id": "30442780799048074404860985387051749017905070253466005720364298335239299761065", "market": "0x49686d26fb712515cd5e12c23f0a1c7e10214c7faa3cb0a730aabe0c33694082", "price": "0.115", "size": "0", "side": "BUY", "best_bid": "0.114", "best_ask": "0.136", "timestamp": "2026-02-14T04:29:38.228353+00:00", "recorded_at": "2026-02-14T04:29:38.228818+00:00"}
{"asset_id": "13244681086321087932946246027856416106585284024824496763706748621681543444582", "market": "0x49686d26fb712515cd5e12c23f0a1c7e10214c7faa3cb0a730aabe0c33694082", "price": "0.885", "size": "0", "side": "SELL", "best_bid": "0.864", "best_ask": "0.886", "timestamp": "2026-02-14T04:29:38.233255+00:00", "recorded_at": "2026-02-14T04:29:38.233562+00:00"}
{"asset_id": "13244681086321087932946246027856416106585284024824496763706748621681543444582", "market": "0x49686d26fb712515cd5e12c23f0a1c7e10214c7faa3cb0a730aabe0c33694082", "price": "0.862", "size": "5", "side": "BUY", "best_bid": "0.864", "best_ask": "0.886", "timestamp": "2026-02-14T04:29:38.258653+00:00", "recorded_at": "2026-02-14T04:29:38.259093+00:00"}
{"asset_id": "30442780799048074404860985387051749017905070253466005720364298335239299761065", "market": "0x49686d26fb712515cd5e12c23f0a1c7e10214c7faa3cb0a730aabe0c33694082", "price": "0.138", "size": "5", "side": "SELL", "best_bid": "0.114", "best_ask": "0.136", "timestamp": "2026-02-14T04:29:38.263389+00:00", "recorded_at": "2026-02-14T04:29:38.263663+00:00"}
{"asset_id": "30442780799048074404860985387051749017905070253466005720364298335239299761065", "market": "0x49686d26fb712515cd5e12c23f0a1c7e10214c7faa3cb0a730aabe0c33694082", "price": "0.105", "size": "0", "side": "BUY", "best_bid": "0.114", "best_ask": "0.136", "timestamp": "2026-02-14T04:29:38.272479+00:00", "recorded_at": "2026-02-14T04:29:38.272857+00:00"}
{"asset_id": "13244681086321087932946246027856416106585284024824496763706748621681543444582", "market": "0x49686d26fb712515cd5e12c23f0a1c7e10214c7faa3cb0a730aabe0c33694082", "price": "0.895", "size": "0", "side": "SELL", "best_bid": "0.864", "best_ask": "0.886", "timestamp": "2026-02-14T04:29:38.277343+00:00", "recorded_at": "2026-02-14T04:29:38.277704+00:00"}
{"asset_id": "13244681086321087932946246027856416106585284024824496763706748621681543444582", "market": "0x49686d26fb712515cd5e12c23f0a1c7e10214c7faa3cb0a730aabe0c33694082", "price": "0.858", "size": "5", "side": "BUY", "best_bid": "0.864", "best_ask": "0.886", "timestamp": "2026-02-14T04:29:38.286333+00:00", "recorded_at": "2026-02-14T04:29:38.286691+00:00"}
{"asset_id": "30442780799048074404860985387051749017905070253466005720364298335239299761065", "market": "0x49686d26fb712515cd5e12c23f0a1c7e10214c7faa3cb0a730aabe0c33694082", "price": "0.142", "size": "5", "side": "SELL", "best_bid": "0.114", "best_ask": "0.136", "timestamp": "2026-02-14T04:29:38.290142+00:00", "recorded_at": "2026-02-14T04:29:38.290387+00:00"}
{"asset_id": "13244681086321087932946246027856416106585284024824496763706748621681543444582", "market": "0x49686d26fb712515cd5e12c23f0a1c7e10214c7faa3cb0a730aabe0c33694082", "price": "0.855", "size": "5", "side": "BUY", "best_bid": "0.864", "best_ask": "0.886", "timestamp": "2026-02-14T04:29:38.326522+00:00", "recorded_at": "2026-02-14T04:29:38.327058+00:00"}
{"asset_id": "30442780799048074404860985387051749017905070253466005720364298335239299761065", "market": "0x49686d26fb712515cd5e12c23f0a1c7e10214c7faa3cb0a730aabe0c33694082", "price": "0.145", "size": "5", "side": "SELL", "best_bid": "0.114", "best_ask": "0.136", "timestamp": "2026-02-14T04:29:38.332335+00:00", "recorded_at": "2026-02-14T04:29:38.332711+00:00"}
{"asset_id": "30442780799048074404860985387051749017905070253466005720364298335239299761065", "market": "0x49686d26fb712515cd5e12c23f0a1c7e10214c7faa3cb0a730aabe0c33694082", "price": "0.112", "size": "5", "side": "BUY", "best_bid": "0.114", "best_ask": "0.136", "timestamp": "2026-02-14T04:29:38.371604+00:00", "recorded_at": "2026-02-14T04:29:38.372209+00:00"}
{"asset_id": "13244681086321087932946246027856416106585284024824496763706748621681543444582", "market": "0x49686d26fb712515cd5e12c23f0a1c7e10214c7faa3cb0a730aabe0c33694082", "price": "0.888", "size": "5", "side": "SELL", "best_bid": "0.864", "best_ask": "0.886", "timestamp": "2026-02-14T04:29:38.378592+00:00", "recorded_at": "2026-02-14T04:29:38.379075+00:00"}
{"asset_id": "30442780799048074404860985387051749017905070253466005720364298335239299761065", "market": "0x49686d26fb712515cd5e12c23f0a1c7e10214c7faa3cb0a730aabe0c33694082", "price": "0.106", "size": "5", "side": "BUY", "best_bid": "0.114", "best_ask": "0.136", "timestamp": "2026-02-14T04:29:38.402931+00:00", "recorded_at": "2026-02-14T04:29:38.403388+00:00"}
{"asset_id": "13244681086321087932946246027856416106585284024824496763706748621681543444582", "market": "0x49686d26fb712515cd5e12c23f0a1c7e10214c7faa3cb0a730aabe0c33694082", "price": "0.894", "size": "5", "side": "SELL", "best_bid": "0.864", "best_ask": "0.886", "timestamp": "2026-02-14T04:29:38.409229+00:00", "recorded_at": "2026-02-14T04:29:38.409705+00:00"}
{"asset_id": "30442780799048074404860985387051749017905070253466005720364298335239299761065", "market": "0x49686d26fb712515cd5e12c23f0a1c7e10214c7faa3cb0a730aabe0c33694082", "price": "0.101", "size": "11", "side": "BUY", "best_bid": "0.114", "best_ask": "0.136", "timestamp": "2026-02-14T04:29:38.432221+00:00", "recorded_at": "2026-02-14T04:29:38.432574+00:00"}
{"asset_id": "13244681086321087932946246027856416106585284024824496763706748621681543444582", "market": "0x49686d26fb712515cd5e12c23f0a1c7e10214c7faa3cb0a730aabe0c33694082", "price": "0.899", "size": "11", "side": "SELL", "best_bid": "0.864", "best_ask": "0.886", "timestamp": "2026-02-14T04:29:38.438109+00:00", "recorded_at": "2026-02-14T04:29:38.438459+00:00"}
{"asset_id": "100074770378634056601572485653252702850363676459996771990439989989293515601975", "market": "0x2393ed0b0fdc450054c7b9071907eca75cf4fc36e385adf4a0a5f99ee62243e8", "price": "0.019", "size": "0", "side": "BUY", "best_bid": "0.03", "best_ask": "0.033", "timestamp": "2026-02-14T04:29:40.612170+00:00", "recorded_at": "2026-02-14T04:29:40.613198+00:00"}
{"asset_id": "32769749367306925959219403371425714180265458150646381231272229429098460625924", "market": "0x2393ed0b0fdc450054c7b9071907eca75cf4fc36e385adf4a0a5f99ee62243e8", "price": "0.981", "size": "0", "side": "SELL", "best_bid": "0.967", "best_ask": "0.97", "timestamp": "2026-02-14T04:29:40.626477+00:00", "recorded_at": "2026-02-14T04:29:40.627401+00:00"}
{"asset_id": "100074770378634056601572485653252702850363676459996771990439989989293515601975", "market": "0x2393ed0b0fdc450054c7b9071907eca75cf4fc36e385adf4a0a5f99ee62243e8", "price": "0.023", "size": "400", "side": "BUY", "best_bid": "0.03", "best_ask": "0.033", "timestamp": "2026-02-14T04:29:40.637528+00:00", "recorded_at": "2026-02-14T04:29:40.638078+00:00"}
{"asset_id": "32769749367306925959219403371425714180265458150646381231272229429098460625924", "market": "0x2393ed0b0fdc450054c7b9071907eca75cf4fc36e385adf4a0a5f99ee62243e8", "price": "0.977", "size": "400", "side": "SELL", "best_bid": "0.967", "best_ask": "0.97", "timestamp": "2026-02-14T04:29:40.644651+00:00", "recorded_at": "2026-02-14T04:29:40.645280+00:00"}
{"asset_id": "32769749367306925959219403371425714180265458150646381231272229429098460625924", "market": "0x2393ed0b0fdc450054c7b9071907eca75cf4fc36e385adf4a0a5f99ee62243e8", "price": "0.944", "size": "0", "side": "BUY", "best_bid": "0.967", "best_ask": "0.97", "timestamp": "2026-02-14T04:29:40.656455+00:00", "recorded_at": "2026-02-14T04:29:40.657170+00:00"}
{"asset_id": "100074770378634056601572485653252702850363676459996771990439989989293515601975", "market": "0x2393ed0b0fdc450054c7b9071907eca75cf4fc36e385adf4a0a5f99ee62243e8", "price": "0.056", "size": "0", "side": "SELL", "best_bid": "0.03", "best_ask": "0.033", "timestamp": "2026-02-14T04:29:40.663121+00:00", "recorded_at": "2026-02-14T04:29:40.663624+00:00"}
{"asset_id": "32769749367306925959219403371425714180265458150646381231272229429098460625924", "market": "0x2393ed0b0fdc450054c7b9071907eca75cf4fc36e385adf4a0a5f99ee62243e8", "price": "0.957", "size": "0", "side": "BUY", "best_bid": "0.967", "best_ask": "0.97", "timestamp": "2026-02-14T04:29:40.678577+00:00", "recorded_at": "2026-02-14T04:29:40.679117+00:00"}
{"asset_id": "100074770378634056601572485653252702850363676459996771990439989989293515601975", "market": "0x2393ed0b0fdc450054c7b9071907eca75cf4fc36e385adf4a0a5f99ee62243e8", "price": "0.043", "size": "0", "side": "SELL", "best_bid": "0.03", "best_ask": "0.033", "timestamp": "2026-02-14T04:29:40.685007+00:00", "recorded_at": "2026-02-14T04:29:40.685330+00:00"}
{"asset_id": "100074770378634056601572485653252702850363676459996771990439989989293515601975", "market": "0x2393ed0b0fdc450054c7b9071907eca75cf4fc36e385adf4a0a5f99ee62243e8", "price": "0.021", "size": "5", "side": "BUY", "best_bid": "0.03", "best_ask": "0.033", "timestamp": "2026-02-14T04:29:40.704457+00:00", "recorded_at": "2026-02-14T04:29:40.704677+00:00"}
{"asset_id": "32769749367306925959219403371425714180265458150646381231272229429098460625924", "market": "0x2393ed0b0fdc450054c7b9071907eca75cf4fc36e385adf4a0a5f99ee62243e8", "price": "0.979", "size": "5", "side": "SELL", "best_bid": "0.967", "best_ask": "0.97", "timestamp": "2026-02-14T04:29:40.709908+00:00", "recorded_at": "2026-02-14T04:29:40.710210+00:00"}
{"asset_id": "100074770378634056601572485653252702850363676459996771990439989989293515601975", "market": "0x2393ed0b0fdc450054c7b9071907eca75cf4fc36e385adf4a0a5f99ee62243e8", "price": "0.018", "size": "5", "side": "BUY", "best_bid": "0.03", "best_ask": "0.033", "timestamp": "2026-02-14T04:29:40.732476+00:00", "recorded_at": "2026-02-14T04:29:40.733206+00:00"}
{"asset_id": "32769749367306925959219403371425714180265458150646381231272229429098460625924", "market": "0x2393ed0b0fdc450054c7b9071907eca75cf4fc36e385adf4a0a5f99ee62243e8", "price": "0.982", "size": "5", "side": "SELL", "best_bid": "0.967", "best_ask": "0.97", "timestamp": "2026-02-14T04:29:40.742469+00:00", "recorded_at": "2026-02-14T04:29:40.742892+00:00"}
{"asset_id": "32769749367306925959219403371425714180265458150646381231272229429098460625924", "market": "0x2393ed0b0fdc450054c7b9071907eca75cf4fc36e385adf4a0a5f99ee62243e8", "price": "0.958", "size": "5", "side": "BUY", "best_bid": "0.967", "best_ask": "0.97", "timestamp": "2026-02-14T04:29:40.762235+00:00", "recorded_at": "2026-02-14T04:29:40.762565+00:00"}
{"asset_id": "100074770378634056601572485653252702850363676459996771990439989989293515601975", "market": "0x2393ed0b0fdc450054c7b9071907eca75cf4fc36e385adf4a0a5f99ee62243e8", "price": "0.042", "size": "5", "side": "SELL", "best_bid": "0.03", "best_ask": "0.033", "timestamp": "2026-02-14T04:29:40.767195+00:00", "recorded_at": "2026-02-14T04:29:40.769259+00:00"}
{"asset_id": "32769749367306925959219403371425714180265458150646381231272229429098460625924", "market": "0x2393ed0b0fdc450054c7b9071907eca75cf4fc36e385adf4a0a5f99ee62243e8", "price": "0.945", "size": "5", "side": "BUY", "best_bid": "0.967", "best_ask": "0.97", "timestamp": "2026-02-14T04:29:40.794260+00:00", "recorded_at": "2026-02-14T04:29:40.794491+00:00"}
{"asset_id": "100074770378634056601572485653252702850363676459996771990439989989293515601975", "market": "0x2393ed0b0fdc450054c7b9071907eca75cf4fc36e385adf4a0a5f99ee62243e8", "price": "0.055", "size": "5", "side": "SELL", "best_bid": "0.03", "best_ask": "0.033", "timestamp": "2026-02-14T04:29:40.798155+00:00", "recorded_at": "2026-02-14T04:29:40.798342+00:00"}
{"asset_id": "13244681086321087932946246027856416106585284024824496763706748621681543444582", "market": "0x49686d26fb712515cd5e12c23f0a1c7e10214c7faa3cb0a730aabe0c33694082", "price": "0.92", "size": "106.54", "side": "SELL", "best_bid": "0.864", "best_ask": "0.886", "timestamp": "2026-02-14T04:29:42.658267+00:00", "recorded_at": "2026-02-14T04:29:42.659332+00:00"}
{"asset_id": "30442780799048074404860985387051749017905070253466005720364298335239299761065", "market": "0x49686d26fb712515cd5e12c23f0a1c7e10214c7faa3cb0a730aabe0c33694082", "price": "0.08", "size": "106.54", "side": "BUY", "best_bid": "0.114", "best_ask": "0.136", "timestamp": "2026-02-14T04:29:42.669143+00:00", "recorded_at": "2026-02-14T04:29:42.669849+00:00"}
{"asset_id": "30442780799048074404860985387051749017905070253466005720364298335239299761065", "market": "0x49686d26fb712515cd5e12c23f0a1c7e10214c7faa3cb0a730aabe0c33694082", "price": "0.114", "size": "275.29", "side": "BUY", "best_bid": "0.114", "best_ask": "0.136", "timestamp": "2026-02-14T04:29:42.685264+00:00", "recorded_at": "2026-02-14T04:29:42.685862+00:00"}
{"asset_id": "13244681086321087932946246027856416106585284024824496763706748621681543444582", "market": "0x49686d26fb712515cd5e12c23f0a1c7e10214c7faa3cb0a730aabe0c33694082", "price": "0.886", "size": "275.29", "side": "SELL", "best_bid": "0.864", "best_ask": "0.886", "timestamp": "2026-02-14T04:29:42.693345+00:00", "recorded_at": "2026-02-14T04:29:42.694135+00:00"}
{"asset_id": "13244681086321087932946246027856416106585284024824496763706748621681543444582", "market": "0x49686d26fb712515cd5e12c23f0a1c7e10214c7faa3cb0a730aabe0c33694082", "price": "0.92", "size": "112.34", "side": "SELL", "best_bid": "0.864", "best_ask": "0.886", "timestamp": "2026-02-14T04:29:42.716120+00:00", "recorded_at": "2026-02-14T04:29:42.716652+00:00"}
{"asset_id": "30442780799048074404860985387051749017905070253466005720364298335239299761065", "market": "0x49686d26fb712515cd5e12c23f0a1c7e10214c7faa3cb0a730aabe0c33694082", "price": "0.08", "size": "112.34", "side": "BUY", "best_bid": "0.114", "best_ask": "0.136", "timestamp": "2026-02-14T04:29:42.722711+00:00", "recorded_at": "2026-02-14T04:29:42.723057+00:00"}
{"asset_id": "30442780799048074404860985387051749017905070253466005720364298335239299761065", "market": "0x49686d26fb712515cd5e12c23f0a1c7e10214c7faa3cb0a730aabe0c33694082", "price": "0.003", "size": "9.45", "side": "BUY", "best_bid": "0.114", "best_ask": "0.136", "timestamp": "2026-02-14T04:30:15.041592+00:00", "recorded_at": "2026-02-14T04:30:15.043466+00:00"}
{"asset_id": "13244681086321087932946246027856416106585284024824496763706748621681543444582", "market": "0x49686d26fb712515cd5e12c23f0a1c7e10214c7faa3cb0a730aabe0c33694082", "price": "0.997", "size": "9.45", "side": "SELL", "best_bid": "0.864", "best_ask": "0.886", "timestamp": "2026-02-14T04:30:16.250571+00:00", "recorded_at": "2026-02-14T04:30:16.251157+00:00"}
{"asset_id": "4153292802911610701832309484716814274802943278345248636922528170020319407796", "market": "0xaf9d0e448129a9f657f851d49495ba4742055d80e0ef1166ba0ee81d4d594214", "price": "0.007", "size": "0", "side": "BUY", "best_bid": "0.946", "best_ask": "0.988", "timestamp": "2026-02-14T04:30:17.527301+00:00", "recorded_at": "2026-02-14T04:30:17.527842+00:00"}
{"asset_id": "101676997363687199724245607342877036148401850938023978421879460310389391082353", "market": "0xaf9d0e448129a9f657f851d49495ba4742055d80e0ef1166ba0ee81d4d594214", "price": "0.993", "size": "0", "side": "SELL", "best_bid": "0.012", "best_ask": "0.054", "timestamp": "2026-02-14T04:30:17.536471+00:00", "recorded_at": "2026-02-14T04:30:17.537142+00:00"}
{"asset_id": "4153292802911610701832309484716814274802943278345248636922528170020319407796", "market": "0xaf9d0e448129a9f657f851d49495ba4742055d80e0ef1166ba0ee81d4d594214", "price": "0.003", "size": "400", "side": "BUY", "best_bid": "0.946", "best_ask": "0.988", "timestamp": "2026-02-14T04:30:17.543463+00:00", "recorded_at": "2026-02-14T04:30:17.544108+00:00"}
{"asset_id": "101676997363687199724245607342877036148401850938023978421879460310389391082353", "market": "0xaf9d0e448129a9f657f851d49495ba4742055d80e0ef1166ba0ee81d4d594214", "price": "0.997", "size": "400", "side": "SELL", "best_bid": "0.012", "best_ask": "0.054", "timestamp": "2026-02-14T04:30:17.549767+00:00", "recorded_at": "2026-02-14T04:30:17.550277+00:00"}
{"asset_id": "4153292802911610701832309484716814274802943278345248636922528170020319407796", "market": "0xaf9d0e448129a9f657f851d49495ba4742055d80e0ef1166ba0ee81d4d594214", "price": "0.001", "size": "1718.78", "side": "BUY", "best_bid": "0.946", "best_ask": "0.988", "timestamp": "2026-02-14T04:30:17.555971+00:00", "recorded_at": "2026-02-14T04:30:17.556314+00:00"}
{"asset_id": "101676997363687199724245607342877036148401850938023978421879460310389391082353", "market": "0xaf9d0e448129a9f657f851d49495ba4742055d80e0ef1166ba0ee81d4d594214", "price": "0.999", "size": "1718.78", "side": "SELL", "best_bid": "0.012", "best_ask": "0.054", "timestamp": "2026-02-14T04:30:17.561897+00:00", "recorded_at": "2026-02-14T04:30:17.562187+00:00"}
{"asset_id": "4153292802911610701832309484716814274802943278345248636922528170020319407796", "market": "0xaf9d0e448129a9f657f851d49495ba4742055d80e0ef1166ba0ee81d4d594214", "price": "0.211", "size": "0", "side": "BUY", "best_bid": "0.946", "best_ask": "0.988", "timestamp": "2026-02-14T04:30:27.116363+00:00", "recorded_at": "2026-02-14T04:30:27.118966+00:00"}
{"asset_id": "101676997363687199724245607342877036148401850938023978421879460310389391082353", "market": "0xaf9d0e448129a9f657f851d49495ba4742055d80e0ef1166ba0ee81d4d594214", "price": "0.789", "size": "0", "side": "SELL", "best_bid": "0.012", "best_ask": "0.054", "timestamp": "2026-02-14T04:30:27.132095+00:00", "recorded_at": "2026-02-14T04:30:27.132772+00:00"}
{"asset_id": "4153292802911610701832309484716814274802943278345248636922528170020319407796", "market": "0xaf9d0e448129a9f657f851d49495ba4742055d80e0ef1166ba0ee81d4d594214", "price": "0.211", "size": "7.08", "side": "BUY", "best_bid": "0.946", "best_ask": "0.988", "timestamp": "2026-02-14T04:30:27.484399+00:00", "recorded_at": "2026-02-14T04:30:27.485488+00:00"}
{"asset_id": "101676997363687199724245607342877036148401850938023978421879460310389391082353", "market": "0xaf9d0e448129a9f657f851d49495ba4742055d80e0ef1166ba0ee81d4d594214", "price": "0.789", "size": "7.08", "side": "SELL", "best_bid": "0.012", "best_ask": "0.054", "timestamp": "2026-02-14T04:30:27.497608+00:00", "recorded_at": "2026-02-14T04:30:27.498737+00:00"}
{"asset_id": "4153292802911610701832309484716814274802943278345248636922528170020319407796", "market": "0xaf9d0e448129a9f657f851d49495ba4742055d80e0ef1166ba0ee81d4d594214", "price": "0.003", "size": "409.48", "side": "BUY", "best_bid": "0.946", "best_ask": "0.988", "timestamp": "2026-02-14T04:30:27.508211+00:00", "recorded_at": "2026-02-14T04:30:27.508950+00:00"}
{"asset_id": "101676997363687199724245607342877036148401850938023978421879460310389391082353", "market": "0xaf9d0e448129a9f657f851d49495ba4742055d80e0ef1166ba0ee81d4d594214", "price": "0.997", "size": "409.48", "side": "SELL", "best_bid": "0.012", "best_ask": "0.054", "timestamp": "2026-02-14T04:30:27.516533+00:00", "recorded_at": "2026-02-14T04:30:27.517195+00:00"}
{"asset_id": "4153292802911610701832309484716814274802943278345248636922528170020319407796", "market": "0xaf9d0e448129a9f657f851d49495ba4742055d80e0ef1166ba0ee81d4d594214", "price": "0.001", "size": "1733.1", "side": "BUY", "best_bid": "0.946", "best_ask": "0.988", "timestamp": "2026-02-14T04:30:27.528723+00:00", "recorded_at": "2026-02-14T04:30:27.529559+00:00"}
{"asset_id": "101676997363687199724245607342877036148401850938023978421879460310389391082353", "market": "0xaf9d0e448129a9f657f851d49495ba4742055d80e0ef1166ba0ee81d4d594214", "price": "0.999", "size": "1733.1", "side": "SELL", "best_bid": "0.012", "best_ask": "0.054", "timestamp": "2026-02-14T04:30:27.537503+00:00", "recorded_at": "2026-02-14T04:30:27.538062+00:00"}
